% This file was created with JabRef 2.10.
% Encoding: ISO8859_1


@Article{Albergel2008,
  Title                    = {From near-surface to root-zone soil moisture using an exponential filter: an assessment of the method based on in-situ observations and model simulations},
  Author                   = {Albergel, Cl{\'e}ment and R{\"u}diger, Christoph and Pellarin, Thierry and Calvet, Jean-Christophe and Fritz, Noureddine and Froissard, Francis and Suquia, David and Petitpa, Alain and Piguet, Bruno and Martin, Eric},
  Journal                  = {Hydrology and Earth System Sciences Discussions},
  Year                     = {2008},
  Pages                    = {1323--1337},
  Volume                   = {12},

  File                     = {:home/fzaussin/shares/users/Irrigation/Papers/From near-surface to root-zone soil moisture using an exponential filter\: an assessment of the method based on in-situ observations and model simulations.pdf:PDF},
  Owner                    = {fzaussin},
  Timestamp                = {2018.04.26}
}

@article{daughtry1991c,
  title={C-band backscattering from corn canopies},
  author={Daughtry, CST and Ranson, KJ and Biehl, LL},
  journal={International Journal of Remote Sensing},
  volume={12},
  number={5},
  pages={1097--1109},
  year={1991},
  publisher={Taylor \& Francis}
}

@article{joseph2010effects,
  title={Effects of corn on C-and L-band radar backscatter: A correction method for soil moisture retrieval},
  author={Joseph, AT and van der Velde, Rogier and O'neill, PE and Lang, R and Gish, T},
  journal={Remote Sensing of Environment},
  volume={114},
  number={11},
  pages={2417--2430},
  year={2010},
  publisher={Elsevier}
}

@article{dorigo2013global,
  title={Global automated quality control of in situ soil moisture data from the International Soil Moisture Network},
  author={Dorigo, WA and Xaver, Angelika and Vreugdenhil, Mariette and Gruber, Alexander and Hegyiova, Alena and Sanchis-Dufau, AD and Zamojski, Daniel and Cordes, Clara and Wagner, Wolfgang and Drusch, Matthias},
  journal={Vadose Zone Journal},
  volume={12},
  number={3},
  year={2013},
  publisher={GeoScienceWorld}
}

@article{draper2009evaluation,
  title={An evaluation of AMSR--E derived soil moisture over Australia},
  author={Draper, Clara S and Walker, Jeffrey P and Steinle, Peter J and De Jeu, Richard AM and Holmes, Thomas RH},
  journal={Remote Sensing of Environment},
  volume={113},
  number={4},
  pages={703--710},
  year={2009},
  publisher={Elsevier}
}

@article{colliander2017validation,
  title={Validation of SMAP surface soil moisture products with core validation sites},
  author={Colliander, Andreas and Jackson, TJ and Bindlish, Rajat and Chan, S and Das, N and Kim, SB and Cosh, MH and Dunbar, RS and Dang, L and Pashaian, L and others},
  journal={Remote sensing of environment},
  volume={191},
  pages={215--231},
  year={2017},
  publisher={Elsevier}
}

@article{gruber2016recent,
  title={Recent advances in (soil moisture) triple collocation analysis},
  author={Gruber, Alexander and Su, C-H and Zwieback, Simon and Crow, W and Dorigo, Wouter and Wagner, Wolfgang},
  journal={International Journal of Applied Earth Observation and Geoinformation},
  volume={45},
  pages={200--211},
  year={2016},
  publisher={Elsevier}
}

@article{brocca2010improving,
  title={Improving runoff prediction through the assimilation of the ASCAT soil moisture product},
  author={Brocca, Luca and Melone, F and Moramarco, T and Wagner, Wolfgang and Naeimi, Vahid and Bartalis, Zoltan and Hasenauer, Stefan},
  journal={Hydrology and Earth System Sciences},
  volume={14},
  number={10},
  pages={1881--1893},
  year={2010},
  publisher={Copernicus GmbH}
}

@article{savitzky1964smoothing,
  title={Smoothing and differentiation of data by simplified least squares procedures.},
  author={Savitzky, Abraham and Golay, Marcel JE},
  journal={Analytical chemistry},
  volume={36},
  number={8},
  pages={1627--1639},
  year={1964},
  publisher={ACS Publications}
}

@incollection{brocca2013scaling,
  title={Scaling and filtering approaches for the use of satellite soil moisture observations},
  author={Brocca, Luca and Melone, Florisa and Moramarco, Tommaso and Wagner, Wolfgang and Albergel, Clement},
  booktitle={Remote Sensing of Energy Fluxes and Soil Moisture Content},
  pages={415--430},
  year={2013},
  publisher={CRC Press Boca Raton}
}

@article{allan2008atmospheric,
  title={Atmospheric warming and the amplification of precipitation extremes},
  author={Allan, Richard P and Soden, Brian J},
  journal={Science},
  volume={321},
  number={5895},
  pages={1481--1484},
  year={2008},
  publisher={American Association for the Advancement of Science}
}

@article{nass2012census,
  title={Census of agriculture},
  author={NASS, USDA},
  journal={US Department of Agriculture, National Agricultural Statistics Service, Washington, DC},
  volume={1},
  year={2012}
}

@article{kottek2006world,
  title={World map of the K{\"o}ppen-Geiger climate classification updated},
  author={Kottek, Markus and Grieser, J{\"u}rgen and Beck, Christoph and Rudolf, Bruno and Rubel, Franz},
  journal={Meteorologische Zeitschrift},
  volume={15},
  number={3},
  pages={259--263},
  year={2006},
  publisher={E. Schweizerbart'sche Verlagsbuchhandlung}
}

@article{rubel2016climate,
  title={The climate of the European Alps: Shift of very high resolution K{\"o}ppen-Geiger climate zones 1800--2100},
  author={Rubel, Franz and Brugger, Katharina and Haslinger, Klaus and Auer, Ingeborg},
  journal={Meteorologische Zeitschrift},
  volume={26},
  pages={115--125},
  year={2016}
}

@Article{Ambika2016,
  Title                    = {Remotely sensed high resolution irrigated area mapping in India for 2000 to 2015},
  Author                   = {Ambika, Anukesh Krishnankutty and Wardlow, Brian and Mishra, Vimal},
  Journal                  = {Scientific data},
  Year                     = {2016},
  Pages                    = {160118},
  Volume                   = {3},

  File                     = {:home/fzaussin/shares/users/Irrigation/Papers/Remotely sensed high resolution irrigated area mapping in India for 2000 to 2015.pdf:PDF},
  Owner                    = {fzaussin},
  Publisher                = {Nature Publishing Group},
  Timestamp                = {2018.04.27}
}

@Article{atzberger2013advances,
  Title                    = {Advances in remote sensing of agriculture: Context description, existing operational monitoring systems and major information needs},
  Author                   = {Atzberger, Clement},
  Journal                  = {Remote Sensing},
  Year                     = {2013},
  Number                   = {2},
  Pages                    = {949--981},
  Volume                   = {5},

  Date-added               = {2017-06-12 23:33:06 +0000},
  Date-modified            = {2017-06-12 23:33:06 +0000},
  File                     = {:home/fzaussin/shares/users/Irrigation/Papers/Advances in Remote Sensing of Agriculture\: Context Description, Existing Operational Monitoring Systems and Major Information Needs.pdf:PDF},
  Publisher                = {Multidisciplinary Digital Publishing Institute}
}

@Article{Balsamo_2015,
  Title                    = {ERA-Interim/Land: a global land surface reanalysis data set},
  Author                   = {Balsamo, G. and Albergel, C. and Beljaars, A. and Boussetta, S. and Brun, E. and Cloke, H. and Dee, D. and Dutra, E. and Mu{\~n}oz-Sabater, J. and Pappenberger, F. and et al.},
  Journal                  = {Hydrology and Earth System Sciences},
  Year                     = {2015},

  Month                    = {Jan},
  Number                   = {1},
  Pages                    = {389--407},
  Volume                   = {19},

  Bdsk-file-1              = {YnBsaXN0MDDUAQIDBAUGJCVYJHZlcnNpb25YJG9iamVjdHNZJGFyY2hpdmVyVCR0b3ASAAGGoKgHCBMUFRYaIVUkbnVsbNMJCgsMDxJXTlMua2V5c1pOUy5vYmplY3RzViRjbGFzc6INDoACgAOiEBGABIAFgAdccmVsYXRpdmVQYXRoWWFsaWFzRGF0YV8QRi4uLy4uLy4uL0dvb2dsZSBEcml2ZS9CU2NUaGVzaXMvcGFwZXJzL19zZWxlY3Rpb24vaGVzcy0xOS0zODktMjAxNS5wZGbSFwsYGVdOUy5kYXRhTxEB4gAAAAAB4gACAAAMTWFjaW50b3NoIEhEAAAAAAAAAAAAAAAAAAAA0ImqWkgrAAABRwEDFGhlc3MtMTktMzg5LTIwMTUucGRmAAAAAAAAAAAAAAAAAAAAAAAAAAAAAAAAAAAAAAAAAAAAAAAAAAAAAAAAAAFHAP3VL+g2AAAAAAAAAAAAAwAFAAAJIAAAAAAAAAAAAAAAAAAAAApfc2VsZWN0aW9uABAACAAA0ImcSgAAABEACAAA1S/MFgAAAAEAGAFHAQMBRmY4AUZmLgFNRNoACUCkAAKT0wACAFxNYWNpbnRvc2ggSEQ6VXNlcnM6AGZlbGl4OgBHb29nbGUgRHJpdmU6AEJTY1RoZXNpczoAcGFwZXJzOgBfc2VsZWN0aW9uOgBoZXNzLTE5LTM4OS0yMDE1LnBkZgAOACoAFABoAGUAcwBzAC0AMQA5AC0AMwA4ADkALQAyADAAMQA1AC4AcABkAGYADwAaAAwATQBhAGMAaQBuAHQAbwBzAGgAIABIAEQAEgBJVXNlcnMvZmVsaXgvR29vZ2xlIERyaXZlL0JTY1RoZXNpcy9wYXBlcnMvX3NlbGVjdGlvbi9oZXNzLTE5LTM4OS0yMDE1LnBkZgAAEwABLwAAFQACAAz//wAAgAbSGxwdHlokY2xhc3NuYW1lWCRjbGFzc2VzXU5TTXV0YWJsZURhdGGjHR8gVk5TRGF0YVhOU09iamVjdNIbHCIjXE5TRGljdGlvbmFyeaIiIF8QD05TS2V5ZWRBcmNoaXZlctEmJ1Ryb290gAEACAARABoAIwAtADIANwBAAEYATQBVAGAAZwBqAGwAbgBxAHMAdQB3AIQAjgDXANwA5ALKAswC0QLcAuUC8wL3Av4DBwMMAxkDHAMuAzEDNgAAAAAAAAIBAAAAAAAAACgAAAAAAAAAAAAAAAAAAAM4},
  Date-added               = {2017-05-03 21:45:04 +0000},
  Date-modified            = {2017-05-03 21:45:04 +0000},
  Doi                      = {10.5194/hess-19-389-2015},
  File                     = {:home/fzaussin/shares/users/Irrigation/Papers/ERA-Interim-Land\: a global land surface reanalysis data set.pdf:PDF},
  ISSN                     = {1607-7938},
  Publisher                = {Copernicus GmbH},
  Url                      = {http://dx.doi.org/10.5194/hess-19-389-2015}
}

@Article{bartalis2007initial,
  Title                    = {Initial soil moisture retrievals from the METOP-A Advanced Scatterometer (ASCAT)},
  Author                   = {Bartalis, Zoltan and Wagner, Wolfgang and Naeimi, Vahid and Hasenauer, Stefan and Scipal, Klaus and Bonekamp, Hans and Figa, Julia and Anderson, Craig},
  Journal                  = {Geophysical Research Letters},
  Year                     = {2007},
  Number                   = {20},
  Volume                   = {34},

  Date-added               = {2017-05-03 21:46:20 +0000},
  Date-modified            = {2017-05-03 21:46:20 +0000},
  File                     = {:home/fzaussin/shares/users/Irrigation/Papers/Initial soil moisture retrievals from the METOP-A Advanced Scatterometer (ASCAT).pdf:PDF}
}

@Article{Belmonte2005,
  Title                    = {Irrigation management from space: Towards user-friendly products},
  Author                   = {Belmonte, Alfonso Calera and Jochum, Anne M and Garc{\'I}a, Andr{\'E}s Cuesta and Rodr{\'\i}guez, Amelia Montoro and Fuster, Prudencio L{\'o}pez},
  Journal                  = {Irrigation and Drainage Systems},
  Year                     = {2005},
  Number                   = {3-4},
  Pages                    = {337--353},
  Volume                   = {19},

  Bdsk-url-1               = {https://link.springer.com/article/10.1007%2Fs10795-005-5197-x},
  Owner                    = {fzaussin},
  Publisher                = {Springer},
  Timestamp                = {2018.04.27},
  Url                      = {https://link.springer.com/article/10.1007%2Fs10795-005-5197-x}
}

@Article{Bonfils2007,
  Title                    = {Empirical evidence for a recent slowdown in irrigation-induced cooling},
  Author                   = {Bonfils, C{\'e}line and Lobell, David},
  Journal                  = {Proceedings of the National Academy of Sciences},
  Year                     = {2007},
  Number                   = {34},
  Pages                    = {13582--13587},
  Volume                   = {104},

  Owner                    = {fzaussin},
  Publisher                = {National Acad Sciences},
  Timestamp                = {2018.04.27}
}

@InProceedings{bontemps2013consistent,
  Title                    = {Consistent global land cover maps for climate modelling communities: current achievements of the ESA's land cover CCI},
  Author                   = {Bontemps, S and Defourny, P and Radoux, J and Van Bogaert, E and Lamarche, C and Achard, F and Mayaux, P and Boettcher, M and Brockmann, C and Kirches, G and others},
  Booktitle                = {Proceedings of the ESA Living Planet Symposium, Edimburgh},
  Year                     = {2013},
  Pages                    = {9--13},

  Date-added               = {2017-05-25 18:18:47 +0000},
  Date-modified            = {2017-05-25 18:18:47 +0000},
  File                     = {:home/fzaussin/shares/users/Irrigation/Papers/Consistent global land cover maps for climate modelling communities\: current achievements of the ESA's land cover CCI.pdf:PDF}
}

@Article{bosilovich2015merra,
  Title                    = {MERRA-2: file specification},
  Author                   = {Bosilovich, MG and Lucchesi, R and Suarez, M},
  Year                     = {2015},

  Bdsk-file-1              = {YnBsaXN0MDDUAQIDBAUGJCVYJHZlcnNpb25YJG9iamVjdHNZJGFyY2hpdmVyVCR0b3ASAAGGoKgHCBMUFRYaIVUkbnVsbNMJCgsMDxJXTlMua2V5c1pOUy5vYmplY3RzViRjbGFzc6INDoACgAOiEBGABIAFgAdccmVsYXRpdmVQYXRoWWFsaWFzRGF0YV8QPS4uLy4uLy4uL0dvb2dsZSBEcml2ZS9pcnJpZ2F0aW9uLW1hbnVzY3JpcHQvcGFwZXJzL21lcnJhMi5wZGbSFwsYGVdOUy5kYXRhTxEBsgAAAAABsgACAAAMTWFjaW50b3NoIEhEAAAAAAAAAAAAAAAAAAAA0ImqWkgrAAABbUCzCm1lcnJhMi5wZGYAAAAAAAAAAAAAAAAAAAAAAAAAAAAAAAAAAAAAAAAAAAAAAAAAAAAAAAAAAAAAAAAAAAAAAAFtPQbWL4+TAAAAAAAAAAAAAwAEAAAJIAAAAAAAAAAAAAAAAAAAAAZwYXBlcnMAEAAIAADQiZxKAAAAEQAIAADWL4GDAAAAAQAUAW1AswFbO6UBTUTaAAlApAACk9MAAgBSTWFjaW50b3NoIEhEOlVzZXJzOgBmZWxpeDoAR29vZ2xlIERyaXZlOgBpcnJpZ2F0aW9uLW1hbnVzY3JpcHQ6AHBhcGVyczoAbWVycmEyLnBkZgAOABYACgBtAGUAcgByAGEAMgAuAHAAZABmAA8AGgAMAE0AYQBjAGkAbgB0AG8AcwBoACAASABEABIAQFVzZXJzL2ZlbGl4L0dvb2dsZSBEcml2ZS9pcnJpZ2F0aW9uLW1hbnVzY3JpcHQvcGFwZXJzL21lcnJhMi5wZGYAEwABLwAAFQACAAz//wAAgAbSGxwdHlokY2xhc3NuYW1lWCRjbGFzc2VzXU5TTXV0YWJsZURhdGGjHR8gVk5TRGF0YVhOU09iamVjdNIbHCIjXE5TRGljdGlvbmFyeaIiIF8QD05TS2V5ZWRBcmNoaXZlctEmJ1Ryb290gAEACAARABoAIwAtADIANwBAAEYATQBVAGAAZwBqAGwAbgBxAHMAdQB3AIQAjgDOANMA2wKRApMCmAKjAqwCugK+AsUCzgLTAuAC4wL1AvgC/QAAAAAAAAIBAAAAAAAAACgAAAAAAAAAAAAAAAAAAAL/},
  Date-added               = {2017-11-13 17:06:02 +0000},
  Date-modified            = {2017-11-13 17:06:02 +0000},
  File                     = {:home/fzaussin/shares/users/Irrigation/Papers/MERRA-2\: File Specification.pdf:PDF}
}

@Article{Boucher2004,
  Title                    = {Direct human influence of irrigation on atmospheric water vapour and climate},
  Author                   = {Boucher, O and Myhre, G and Myhre, A},
  Journal                  = {Climate Dynamics},
  Year                     = {2004},
  Number                   = {6-7},
  Pages                    = {597--603},
  Volume                   = {22},

  Owner                    = {fzaussin},
  Publisher                = {Springer},
  Timestamp                = {2018.04.27}
}

@Article{Brocca2017,
  Title                    = {Soil moisture for hydrological applications: Open questions and new opportunities},
  Author                   = {Brocca, Luca and Ciabatta, Luca and Massari, Christian and Camici, Stefania and Tarpanelli, Angelica},
  Journal                  = {Water},
  Year                     = {2017},
  Number                   = {2},
  Pages                    = {140},
  Volume                   = {9},

  File                     = {:home/fzaussin/shares/users/Irrigation/Papers/Soil moisture for hydrological applications\: Open questions and new opportunities.pdf:PDF},
  Owner                    = {fzaussin},
  Publisher                = {Multidisciplinary Digital Publishing Institute},
  Timestamp                = {2018.04.27}
}

@Article{brocca2011soil,
  Title                    = {Soil moisture estimation through ASCAT and AMSR-E sensors: An intercomparison and validation study across Europe},
  Author                   = {Brocca, L and Hasenauer, S and Lacava, T and Melone, F and Moramarco, T and Wagner, W and Dorigo, W and Matgen, P and Mart{\'\i}nez-Fern{\'a}ndez, J and Llorens, P and others},
  Journal                  = {Remote Sensing of Environment},
  Year                     = {2011},
  Number                   = {12},
  Pages                    = {3390--3408},
  Volume                   = {115},

  Date-added               = {2017-05-03 21:48:35 +0000},
  Date-modified            = {2017-05-03 21:48:35 +0000},
  File                     = {:home/fzaussin/shares/users/Irrigation/Papers/Soil moisture estimation through ASCAT and AMSR-E sensors\: An intercomparison and validation study across Europe.pdf:PDF},
  Publisher                = {Elsevier}
}

@Article{brocca2010spatial,
  Title                    = {Spatial-temporal variability of soil moisture and its estimation across scales},
  Author                   = {Brocca, L and Melone, F and Moramarco, T and Morbidelli, R},
  Journal                  = {Water Resources Research},
  Year                     = {2010},
  Number                   = {2},
  Volume                   = {46},

  Date-added               = {2017-05-03 21:48:48 +0000},
  Date-modified            = {2017-05-03 21:48:48 +0000},
  File                     = {:home/fzaussin/shares/users/Irrigation/Papers/Spatial-temporal variability of soil moisture and its estimation across scales.pdf:PDF}
}

@Article{Brocca2016,
  Title                    = {Rainfall estimation by inverting SMOS soil moisture estimates: A comparison of different methods over Australia},
  Author                   = {Brocca, Luca and Pellarin, Thierry and Crow, Wade T and Ciabatta, Luca and Massari, Christian and Ryu, Dongryeol and Su, Chun-Hsu and R{\"u}diger, Christoph and Kerr, Yann},
  Journal                  = {Journal of Geophysical Research: Atmospheres},
  Year                     = {2016},
  Number                   = {20},
  Volume                   = {121},

  File                     = {:home/fzaussin/shares/users/Irrigation/Papers/Rainfall estimation by inverting SMOS soil moisture estimates\: A comparison of different methods over Australia.pdf:PDF},
  Owner                    = {fzaussin},
  Publisher                = {Wiley Online Library},
  Timestamp                = {2018.04.27}
}

@Article{Brown_2014,
  Title                    = {Merging remote sensing data and national agricultural statistics to model change in irrigated agriculture},
  Author                   = {Brown, Jesslyn F. and Pervez, Md Shahriar},
  Journal                  = {Agricultural Systems},
  Year                     = {2014},

  Month                    = {May},
  Pages                    = {28--40},
  Volume                   = {127},

  Bdsk-url-1               = {https://doi.org/10.1016/j.agsy.2014.01.004},
  Date-added               = {2017-05-03 21:46:42 +0000},
  Date-modified            = {2017-05-03 21:46:42 +0000},
  Doi                      = {10.1016/j.agsy.2014.01.004},
  File                     = {:home/fzaussin/shares/users/Irrigation/Papers/Merging remote sensing data and national agricultural statistics to model change in irrigated agriculture.pdf:PDF},
  ISSN                     = {0308-521X},
  Publisher                = {Elsevier BV},
  Url                      = {http://dx.doi.org/10.1016/j.agsy.2014.01.004}
}

@Article{Calera2017,
  Title                    = {Remote sensing for crop water management: From ET modelling to services for the end users},
  Author                   = {Calera, Alfonso and Campos, Isidro and Osann, Anna and D?Urso, Guido and Menenti, Massimo},
  Journal                  = {Sensors},
  Year                     = {2017},
  Number                   = {5},
  Pages                    = {1104},
  Volume                   = {17},

  File                     = {:home/fzaussin/shares/users/Irrigation/Papers/Remote sensing for crop water management\: From ET modelling to services for the end users.pdf:PDF},
  Owner                    = {fzaussin},
  Publisher                = {Multidisciplinary Digital Publishing Institute},
  Timestamp                = {2018.04.27}
}

@Article{Chen2008,
  Title                    = {Assessing objective techniques for gauge-based analyses of global daily precipitation},
  Author                   = {Chen, Mingyue and Shi, Wei and Xie, Pingping and Silva, Viviane and Kousky, Vernon E and Wayne Higgins, R and Janowiak, John E},
  Journal                  = {Journal of Geophysical Research: Atmospheres},
  Year                     = {2008},
  Number                   = {D4},
  Volume                   = {113},

  File                     = {:home/fzaussin/shares/users/Irrigation/Papers/Assessing objective techniques for gauge-based analyses of global daily precipitation.pdf:PDF},
  Owner                    = {fzaussin},
  Publisher                = {Wiley Online Library},
  Timestamp                = {2018.04.27}
}

@InProceedings{D?Urso2006,
  Title                    = {Operative approaches to determine crop water requirements from Earth Observation data: methodologies and applications},
  Author                   = {D?Urso, G and Calera Belmonte, A},
  Booktitle                = {AIP conference proceedings},
  Year                     = {2006},
  Number                   = {1},
  Organization             = {AIP},
  Pages                    = {14--25},
  Volume                   = {852},

  Bdsk-url-1               = {https://aip.scitation.org/doi/pdf/10.1063/1.2349323},
  Owner                    = {fzaussin},
  Timestamp                = {2018.04.27},
  Url                      = {https://aip.scitation.org/doi/pdf/10.1063/1.2349323}
}

@Article{Doell2002,
  Title                    = {Impact of climate change and variability on irrigation requirements: a global perspective},
  Author                   = {D{\"o}ll, Petra},
  Journal                  = {Climatic change},
  Year                     = {2002},
  Number                   = {3},
  Pages                    = {269--293},
  Volume                   = {54},

  File                     = {:home/fzaussin/shares/users/Irrigation/Papers/Impact of climate change and variability on irrigation requirements\: a global perspective.pdf:PDF},
  Owner                    = {fzaussin},
  Publisher                = {Springer},
  Timestamp                = {2018.04.27}
}

@Article{doll2002global,
  Title                    = {Global modeling of irrigation water requirements},
  Author                   = {D{\"o}ll, Petra and Siebert, Stefan},
  Journal                  = {Water Resources Research},
  Year                     = {2002},
  Number                   = {4},
  Volume                   = {38},

  Date-added               = {2017-05-03 21:45:33 +0000},
  Date-modified            = {2017-05-03 21:45:33 +0000},
  File                     = {:home/fzaussin/shares/users/Irrigation/Papers/Global modeling of irrigation water requirements.pdf:PDF},
  Publisher                = {Wiley Online Library}
}

@Article{Deines2017,
  Title                    = {Annual Irrigation Dynamics in the US Northern High Plains Derived from Landsat Satellite Data},
  Author                   = {Deines, Jillian M and Kendall, Anthony D and Hyndman, David W},
  Journal                  = {Geophysical Research Letters},
  Year                     = {2017},
  Number                   = {18},
  Pages                    = {9350--9360},
  Volume                   = {44},

  File                     = {:home/fzaussin/shares/users/Irrigation/Papers/Annual Irrigation Dynamics in the US Northern High Plains Derived from Landsat Satellite Data.pdf:PDF},
  Owner                    = {fzaussin},
  Publisher                = {Wiley Online Library},
  Timestamp                = {2018.04.27}
}

@Article{douglas-2009,
  Title                    = {The impact of agricultural intensification and irrigation on land-atmosphere interactions and Indian monsoon precipitation - A mesoscale modeling perspective},
  Author                   = {E.M. Douglas and A. Beltr{\'a}n-Przekurat and D. Niyogi and R.A. Pielke Sr. and C.J. V{\"o}r{\"o}smarty},
  Journal                  = {Global and Planetary Change},
  Year                     = {2009},
  Note                     = {Changes in land use and water use and their consequences on climate, including biogeochemical cycles},
  Number                   = {1--2},
  Pages                    = {117 - 128},
  Volume                   = {67},

  Bdsk-url-1               = {http://www.sciencedirect.com/science/article/pii/S0921818108002087},
  Bdsk-url-2               = {https://doi.org/10.1016/j.gloplacha.2008.12.007},
  Date-added               = {2017-05-25 16:35:38 +0000},
  Date-modified            = {2017-05-25 16:35:46 +0000},
  Doi                      = {https://doi.org/10.1016/j.gloplacha.2008.12.007},
  File                     = {:home/fzaussin/shares/users/Irrigation/Papers/The impact of agricultural intensification and irrigation on land?atmosphere.pdf:PDF},
  ISSN                     = {0921-8181},
  Keywords                 = {Land Use Land Cover Change},
  Url                      = {http://www.sciencedirect.com/science/article/pii/S0921818108002087}
}

@Article{Droogers_2002,
  Title                    = {Irrigation Performance using Hydrological and Remote Sensing Modeling},
  Author                   = {Droogers, Peter and Bastiaanssen, Wim},
  Journal                  = {Journal of Irrigation and Drainage Engineering},
  Year                     = {2002},

  Month                    = {Feb},
  Number                   = {1},
  Pages                    = {11--18},
  Volume                   = {128},

  Bdsk-file-1              = {YnBsaXN0MDDUAQIDBAUGJCVYJHZlcnNpb25YJG9iamVjdHNZJGFyY2hpdmVyVCR0b3ASAAGGoKgHCBMUFRYaIVUkbnVsbNMJCgsMDxJXTlMua2V5c1pOUy5vYmplY3RzViRjbGFzc6INDoACgAOiEBGABIAFgAdccmVsYXRpdmVQYXRoWWFsaWFzRGF0YV8QWS4uLy4uLy4uL0dvb2dsZSBEcml2ZS9CU2NUaGVzaXMvcGFwZXJzL19zZWxlY3Rpb24vSm9mSXJyRHJhRW5nXzIwMDJfU0VCQUxfU1dBUF9UdXJrZXkucGRm0hcLGBlXTlMuZGF0YU8RAiYAAAAAAiYAAgAADE1hY2ludG9zaCBIRAAAAAAAAAAAAAAAAAAAANCJqlpIKwAAAUcBAx9Kb2ZJcnJEcmFFbmdfMjAwMl9TIzE0NzEwNUQucGRmAAAAAAAAAAAAAAAAAAAAAAAAAAAAAAAAAAAAAAAAAAABRxBd1TAGuwAAAAAAAAAAAAMABQAACSAAAAAAAAAAAAAAAAAAAAAKX3NlbGVjdGlvbgAQAAgAANCJnEoAAAARAAgAANUv6psAAAABABgBRwEDAUZmOAFGZi4BTUTaAAlApAACk9MAAgBnTWFjaW50b3NoIEhEOlVzZXJzOgBmZWxpeDoAR29vZ2xlIERyaXZlOgBCU2NUaGVzaXM6AHBhcGVyczoAX3NlbGVjdGlvbjoASm9mSXJyRHJhRW5nXzIwMDJfUyMxNDcxMDVELnBkZgAADgBQACcASgBvAGYASQByAHIARAByAGEARQBuAGcAXwAyADAAMAAyAF8AUwBFAEIAQQBMAF8AUwBXAEEAUABfAFQAdQByAGsAZQB5AC4AcABkAGYADwAaAAwATQBhAGMAaQBuAHQAbwBzAGgAIABIAEQAEgBcVXNlcnMvZmVsaXgvR29vZ2xlIERyaXZlL0JTY1RoZXNpcy9wYXBlcnMvX3NlbGVjdGlvbi9Kb2ZJcnJEcmFFbmdfMjAwMl9TRUJBTF9TV0FQX1R1cmtleS5wZGYAEwABLwAAFQACAAz//wAAgAbSGxwdHlokY2xhc3NuYW1lWCRjbGFzc2VzXU5TTXV0YWJsZURhdGGjHR8gVk5TRGF0YVhOU09iamVjdNIbHCIjXE5TRGljdGlvbmFyeaIiIF8QD05TS2V5ZWRBcmNoaXZlctEmJ1Ryb290gAEACAARABoAIwAtADIANwBAAEYATQBVAGAAZwBqAGwAbgBxAHMAdQB3AIQAjgDqAO8A9wMhAyMDKAMzAzwDSgNOA1UDXgNjA3ADcwOFA4gDjQAAAAAAAAIBAAAAAAAAACgAAAAAAAAAAAAAAAAAAAOP},
  Date-added               = {2017-05-03 21:46:31 +0000},
  Date-modified            = {2017-05-03 21:46:31 +0000},
  Doi                      = {10.1061/(asce)0733-9437(2002)128:1(11)},
  File                     = {:home/fzaussin/shares/users/Irrigation/Papers/Irrigation Performance using Hydrological and Remote Sensing Modeling.pdf:PDF},
  ISSN                     = {1943-4774},
  Publisher                = {American Society of Civil Engineers (ASCE)},
  Url                      = {http://dx.doi.org/10.1061/(ASCE)0733-9437(2002)128:1(11)}
}

@Article{Droogers2010,
  Title                    = {Estimating actual irrigation application by remotely sensed evapotranspiration observations},
  Author                   = {Droogers, Peter and Immerzeel, WW and Lorite, IJ},
  Journal                  = {Agricultural Water Management},
  Year                     = {2010},
  Number                   = {9},
  Pages                    = {1351--1359},
  Volume                   = {97},

  File                     = {:home/fzaussin/shares/users/Irrigation/Papers/Estimating actual irrigation application by remotely sensed evapotranspiration observations.pdf:PDF},
  Owner                    = {fzaussin},
  Publisher                = {Elsevier},
  Timestamp                = {2018.04.27}
}

@Book{ehlers2016water,
  Title                    = {Water dynamics in plant production},
  Author                   = {Ehlers, Wilfried and Goss, Michael},
  Publisher                = {CABI},
  Year                     = {2016},

  Date-added               = {2017-05-08 11:16:15 +0000},
  Date-modified            = {2017-05-08 11:16:15 +0000}
}

@Article{ElSharif2015,
  Title                    = {Modeling regional crop yield and irrigation demand using SMAP type of soil moisture data},
  Author                   = {El Sharif, Husayn and Wang, Jingfeng and Georgakakos, Aris P},
  Journal                  = {Journal of Hydrometeorology},
  Year                     = {2015},
  Number                   = {2},
  Pages                    = {904--916},
  Volume                   = {16},

  File                     = {:home/fzaussin/shares/users/Irrigation/Papers/Modeling regional crop yield and irrigation demand using SMAP type of soil moisture data.pdf:PDF},
  Owner                    = {fzaussin},
  Timestamp                = {2018.04.27}
}

@Article{Elliott2014,
  Title                    = {Constraints and potentials of future irrigation water availability on agricultural production under climate change},
  Author                   = {Elliott, Joshua and Deryng, Delphine and M{\"u}ller, Christoph and Frieler, Katja and Konzmann, Markus and Gerten, Dieter and Glotter, Michael and Fl{\"o}rke, Martina and Wada, Yoshihide and Best, Neil and others},
  Journal                  = {Proceedings of the National Academy of Sciences},
  Year                     = {2014},
  Number                   = {9},
  Pages                    = {3239--3244},
  Volume                   = {111},

  File                     = {:home/fzaussin/shares/users/Irrigation/Papers/Constraints and potentials of future irrigation water availability on agricultural production under climate change.pdf:PDF},
  Owner                    = {fzaussin},
  Publisher                = {National Acad Sciences},
  Timestamp                = {2018.04.27}
}

@Article{entekhabi2010soil,
  Title                    = {The soil moisture active passive (SMAP) mission},
  Author                   = {Entekhabi, Dara and Njoku, Eni G and O'Neill, Peggy E and Kellogg, Kent H and Crow, Wade T and Edelstein, Wendy N and Entin, Jared K and Goodman, Shawn D and Jackson, Thomas J and Johnson, Joel and others},
  Journal                  = {Proceedings of the IEEE},
  Year                     = {2010},
  Number                   = {5},
  Pages                    = {704--716},
  Volume                   = {98},

  Bdsk-file-1              = {YnBsaXN0MDDUAQIDBAUGJCVYJHZlcnNpb25YJG9iamVjdHNZJGFyY2hpdmVyVCR0b3ASAAGGoKgHCBMUFRYaIVUkbnVsbNMJCgsMDxJXTlMua2V5c1pOUy5vYmplY3RzViRjbGFzc6INDoACgAOiEBGABIAFgAdccmVsYXRpdmVQYXRoWWFsaWFzRGF0YV8QGy4uLy4uLy4uL0Rvd25sb2Fkcy9zbWFwLnBkZtIXCxgZV05TLmRhdGFPEQFkAAAAAAFkAAIAAAxNYWNpbnRvc2ggSEQAAAAAAAAAAAAAAAAAAADQiapaSCsAAAAJQKcIc21hcC5wZGYAAAAAAAAAAAAAAAAAAAAAAAAAAAAAAAAAAAAAAAAAAAAAAAAAAAAAAAAAAAAAAAAAAAAAAAAAAWwxJ9Yvf1AAAAAAAAAAAAADAAIAAAkgAAAAAAAAAAAAAAAAAAAACURvd25sb2FkcwAAEAAIAADQiZxKAAAAEQAIAADWL3FAAAAAAQAMAAlApwAJQKQAApPTAAIALk1hY2ludG9zaCBIRDpVc2VyczoAZmVsaXg6AERvd25sb2FkczoAc21hcC5wZGYADgASAAgAcwBtAGEAcAAuAHAAZABmAA8AGgAMAE0AYQBjAGkAbgB0AG8AcwBoACAASABEABIAHlVzZXJzL2ZlbGl4L0Rvd25sb2Fkcy9zbWFwLnBkZgATAAEvAAAVAAIADP//AACABtIbHB0eWiRjbGFzc25hbWVYJGNsYXNzZXNdTlNNdXRhYmxlRGF0YaMdHyBWTlNEYXRhWE5TT2JqZWN00hscIiNcTlNEaWN0aW9uYXJ5oiIgXxAPTlNLZXllZEFyY2hpdmVy0SYnVHJvb3SAAQAIABEAGgAjAC0AMgA3AEAARgBNAFUAYABnAGoAbABuAHEAcwB1AHcAhACOAKwAsQC5AiECIwIoAjMCPAJKAk4CVQJeAmMCcAJzAoUCiAKNAAAAAAAAAgEAAAAAAAAAKAAAAAAAAAAAAAAAAAAAAo8=},
  Date-added               = {2017-05-25 17:37:20 +0000},
  Date-modified            = {2017-05-25 17:37:20 +0000},
  File                     = {:home/fzaussin/shares/users/Irrigation/Papers/The Soil Moisture Active Passive (SMAP) Mission.pdf:PDF},
  Publisher                = {IEEE}
}

@Article{escorihuela2016comparison,
  Title                    = {Comparison of remote sensing and simulated soil moisture datasets in Mediterranean landscapes},
  Author                   = {Escorihuela, Maria Jose and Quintana-Segu{\'\i}, Pere},
  Journal                  = {Remote sensing of environment},
  Year                     = {2016},
  Pages                    = {99--114},
  Volume                   = {180},

  Date-added               = {2018-05-04 06:31:39 +0000},
  Date-modified            = {2018-05-04 06:31:39 +0000},
  Publisher                = {Elsevier}
}

@Article{Ferrant2017,
  Title                    = {Detection of Irrigated Crops from Sentinel-1 and Sentinel-2 Data to Estimate Seasonal Groundwater Use in South India},
  Author                   = {Ferrant, Sylvain and Selles, Adrien and Le Page, Michel and Herrault, Pierre-Alexis and Pelletier, Charlotte and Al-Bitar, Ahmad and Mermoz, St{\'e}phane and Gascoin, Simon and Bouvet, Alexandre and Saqalli, Mehdi and others},
  Journal                  = {Remote Sensing},
  Year                     = {2017},
  Number                   = {11},
  Pages                    = {1119},
  Volume                   = {9},

  File                     = {:home/fzaussin/shares/users/Irrigation/Papers/Detection of Irrigated Crops from Sentinel-1 and Sentinel-2 Data to Estimate Seasonal Groundwater Use in South India.pdf:PDF},
  Owner                    = {fzaussin},
  Publisher                = {Multidisciplinary Digital Publishing Institute},
  Timestamp                = {2018.04.27}
}

@Article{foley2005global,
  Title                    = {Global consequences of land use},
  Author                   = {Foley, Jonathan A and DeFries, Ruth and Asner, Gregory P and Barford, Carol and Bonan, Gordon and Carpenter, Stephen R and Chapin, F Stuart and Coe, Michael T and Daily, Gretchen C and Gibbs, Holly K and others},
  Journal                  = {science},
  Year                     = {2005},
  Number                   = {5734},
  Pages                    = {570--574},
  Volume                   = {309},

  Bdsk-file-1              = {YnBsaXN0MDDUAQIDBAUGJCVYJHZlcnNpb25YJG9iamVjdHNZJGFyY2hpdmVyVCR0b3ASAAGGoKgHCBMUFRYaIVUkbnVsbNMJCgsMDxJXTlMua2V5c1pOUy5vYmplY3RzViRjbGFzc6INDoACgAOiEBGABIAFgAdccmVsYXRpdmVQYXRoWWFsaWFzRGF0YV8QRS4uLy4uLy4uL0dvb2dsZSBEcml2ZS9CU2NUaGVzaXMvcGFwZXJzL19zZWxlY3Rpb24vMTAuMS4xLjQ2MS4yODk2LnBkZtIXCxgZV05TLmRhdGFPEQHeAAAAAAHeAAIAAAxNYWNpbnRvc2ggSEQAAAAAAAAAAAAAAAAAAADQiapaSCsAAAFHAQMTMTAuMS4xLjQ2MS4yODk2LnBkZgAAAAAAAAAAAAAAAAAAAAAAAAAAAAAAAAAAAAAAAAAAAAAAAAAAAAAAAAAAAUcErdUv7N0AAAAAAAAAAAADAAUAAAkgAAAAAAAAAAAAAAAAAAAACl9zZWxlY3Rpb24AEAAIAADQiZxKAAAAEQAIAADVL9C9AAAAAQAYAUcBAwFGZjgBRmYuAU1E2gAJQKQAApPTAAIAW01hY2ludG9zaCBIRDpVc2VyczoAZmVsaXg6AEdvb2dsZSBEcml2ZToAQlNjVGhlc2lzOgBwYXBlcnM6AF9zZWxlY3Rpb246ADEwLjEuMS40NjEuMjg5Ni5wZGYAAA4AKAATADEAMAAuADEALgAxAC4ANAA2ADEALgAyADgAOQA2AC4AcABkAGYADwAaAAwATQBhAGMAaQBuAHQAbwBzAGgAIABIAEQAEgBIVXNlcnMvZmVsaXgvR29vZ2xlIERyaXZlL0JTY1RoZXNpcy9wYXBlcnMvX3NlbGVjdGlvbi8xMC4xLjEuNDYxLjI4OTYucGRmABMAAS8AABUAAgAM//8AAIAG0hscHR5aJGNsYXNzbmFtZVgkY2xhc3Nlc11OU011dGFibGVEYXRhox0fIFZOU0RhdGFYTlNPYmplY3TSGxwiI1xOU0RpY3Rpb25hcnmiIiBfEA9OU0tleWVkQXJjaGl2ZXLRJidUcm9vdIABAAgAEQAaACMALQAyADcAQABGAE0AVQBgAGcAagBsAG4AcQBzAHUAdwCEAI4A1gDbAOMCxQLHAswC1wLgAu4C8gL5AwIDBwMUAxcDKQMsAzEAAAAAAAACAQAAAAAAAAAoAAAAAAAAAAAAAAAAAAADMw==},
  Date-added               = {2017-05-03 21:45:22 +0000},
  Date-modified            = {2017-05-03 21:45:22 +0000},
  File                     = {:home/fzaussin/shares/users/Irrigation/Papers/Global Consequences of Land Use.pdf:PDF},
  Publisher                = {American Association for the Advancement of Science}
}

@Article{Foley2011,
  Title                    = {Solutions for a cultivated planet},
  Author                   = {Foley, Jonathan A and Ramankutty, Navin and Brauman, Kate A and Cassidy, Emily S and Gerber, James S and Johnston, Matt and Mueller, Nathaniel D and O?Connell, Christine and Ray, Deepak K and West, Paul C and others},
  Journal                  = {Nature},
  Year                     = {2011},
  Number                   = {7369},
  Pages                    = {337},
  Volume                   = {478},

  File                     = {:home/fzaussin/shares/users/Irrigation/Papers/Solutions for a cultivated planet.pdf:PDF},
  Owner                    = {fzaussin},
  Publisher                = {Nature Publishing Group},
  Timestamp                = {2018.04.27}
}

@Article{Gelaro2017,
  Title                    = {The modern-era retrospective analysis for research and applications, version 2 (MERRA-2)},
  Author                   = {Gelaro, Ronald and McCarty, Will and Su{\'a}rez, Max J and Todling, Ricardo and Molod, Andrea and Takacs, Lawrence and Randles, Cynthia A and Darmenov, Anton and Bosilovich, Michael G and Reichle, Rolf and others},
  Journal                  = {Journal of Climate},
  Year                     = {2017},
  Number                   = {14},
  Pages                    = {5419--5454},
  Volume                   = {30},

  Bdsk-url-1               = {https://journals.ametsoc.org/doi/abs/10.1175/JCLI-D-16-0758.1},
  Bdsk-url-2               = {https://doi.org/10.1175/JCLI-D-16-0758.1},
  Doi                      = {https://doi.org/10.1175/JCLI-D-16-0758.1},
  Owner                    = {fzaussin},
  Timestamp                = {2018.04.27},
  Url                      = {https://journals.ametsoc.org/doi/abs/10.1175/JCLI-D-16-0758.1}
}

@Article{gibson2017case,
  Title                    = {A case study of field-scale maize irrigation patterns in western Nebraska: implications for water managers and recommendations for hyper-resolution land surface modeling},
  Author                   = {Gibson, Justin and Franz, Trenton E and Wang, Tiejun and Gates, John and Grassini, Patricio and Yang, Haishun and Eisenhauer, Dean},
  Journal                  = {Hydrology and Earth System Sciences},
  Year                     = {2017},
  Number                   = {2},
  Pages                    = {1051},
  Volume                   = {21},

  Bdsk-file-1              = {YnBsaXN0MDDUAQIDBAUGJCVYJHZlcnNpb25YJG9iamVjdHNZJGFyY2hpdmVyVCR0b3ASAAGGoKgHCBMUFRYaIVUkbnVsbNMJCgsMDxJXTlMua2V5c1pOUy5vYmplY3RzViRjbGFzc6INDoACgAOiEBGABIAFgAdccmVsYXRpdmVQYXRoWWFsaWFzRGF0YV8QSC4uLy4uLy4uL0dvb2dsZSBEcml2ZS9pcnJpZ2F0aW9uLW1hbnVzY3JpcHQvcGFwZXJzL2hlc3MtMjEtMTA1MS0yMDE3LnBkZtIXCxgZV05TLmRhdGFPEQHgAAAAAAHgAAIAAAxNYWNpbnRvc2ggSEQAAAAAAAAAAAAAAAAAAADQiapaSCsAAAFtQLMVaGVzcy0yMS0xMDUxLTIwMTcucGRmAAAAAAAAAAAAAAAAAAAAAAAAAAAAAAAAAAAAAAAAAAAAAAAAAAAAAAAAAW3KXtYyWDgAAAAAAAAAAAADAAQAAAkgAAAAAAAAAAAAAAAAAAAABnBhcGVycwAQAAgAANCJnEoAAAARAAgAANYySigAAAABABQBbUCzAVs7pQFNRNoACUCkAAKT0wACAF1NYWNpbnRvc2ggSEQ6VXNlcnM6AGZlbGl4OgBHb29nbGUgRHJpdmU6AGlycmlnYXRpb24tbWFudXNjcmlwdDoAcGFwZXJzOgBoZXNzLTIxLTEwNTEtMjAxNy5wZGYAAA4ALAAVAGgAZQBzAHMALQAyADEALQAxADAANQAxAC0AMgAwADEANwAuAHAAZABmAA8AGgAMAE0AYQBjAGkAbgB0AG8AcwBoACAASABEABIAS1VzZXJzL2ZlbGl4L0dvb2dsZSBEcml2ZS9pcnJpZ2F0aW9uLW1hbnVzY3JpcHQvcGFwZXJzL2hlc3MtMjEtMTA1MS0yMDE3LnBkZgAAEwABLwAAFQACAAz//wAAgAbSGxwdHlokY2xhc3NuYW1lWCRjbGFzc2VzXU5TTXV0YWJsZURhdGGjHR8gVk5TRGF0YVhOU09iamVjdNIbHCIjXE5TRGljdGlvbmFyeaIiIF8QD05TS2V5ZWRBcmNoaXZlctEmJ1Ryb290gAEACAARABoAIwAtADIANwBAAEYATQBVAGAAZwBqAGwAbgBxAHMAdQB3AIQAjgDZAN4A5gLKAswC0QLcAuUC8wL3Av4DBwMMAxkDHAMuAzEDNgAAAAAAAAIBAAAAAAAAACgAAAAAAAAAAAAAAAAAAAM4},
  Date-added               = {2017-11-15 19:46:37 +0000},
  Date-modified            = {2017-11-15 19:46:37 +0000},
  File                     = {:home/fzaussin/shares/users/Irrigation/Papers/A case study of field-scale maize irrigation patterns in western Nebraska.pdf:PDF},
  Publisher                = {Copernicus GmbH}
}

@Article{Giri2013,
  Title                    = {Next generation of global land cover characterization, mapping, and monitoring},
  Author                   = {C. Giri and B. Pengra and J. Long and T.R. Loveland},
  Journal                  = {International Journal of Applied Earth Observation and Geoinformation},
  Year                     = {2013},
  Pages                    = {30 - 37},
  Volume                   = {25},

  Bdsk-url-1               = {http://www.sciencedirect.com/science/article/pii/S0303243413000342},
  Bdsk-url-2               = {https://doi.org/10.1016/j.jag.2013.03.005},
  Doi                      = {https://doi.org/10.1016/j.jag.2013.03.005},
  File                     = {:home/fzaussin/shares/users/Irrigation/Papers/Next generation of global land cover characterization, mapping, and monitoring.pdf:PDF},
  ISSN                     = {0303-2434},
  Keywords                 = {Global land cover, Landsat, Image processing, Validation},
  Owner                    = {fzaussin},
  Timestamp                = {2018.04.26},
  Url                      = {http://www.sciencedirect.com/science/article/pii/S0303243413000342}
}

@Article{Haddeland2014,
  Title                    = {Global water resources affected by human interventions and climate change},
  Author                   = {Haddeland, Ingjerd and Heinke, Jens and Biemans, Hester and Eisner, Stephanie and Fl{\"o}rke, Martina and Hanasaki, Naota and Konzmann, Markus and Ludwig, Fulco and Masaki, Yoshimitsu and Schewe, Jacob and others},
  Journal                  = {Proceedings of the National Academy of Sciences},
  Year                     = {2014},
  Number                   = {9},
  Pages                    = {3251--3256},
  Volume                   = {111},

  File                     = {:home/fzaussin/shares/users/Irrigation/Papers/Global water resources affected by human interventions and climate change.pdf:PDF},
  Owner                    = {fzaussin},
  Publisher                = {National Acad Sciences},
  Timestamp                = {2018.04.27}
}

@Article{Hahn2017,
  Title                    = {Dynamic characterization of the incidence angle dependence of backscatter using metop ASCAT},
  Author                   = {Hahn, Sebastian and Reimer, Christoph and Vreugdenhil, Mariette and Melzer, Thomas and Wagner, Wolfgang},
  Journal                  = {IEEE Journal of Selected Topics in Applied Earth Observations and Remote Sensing},
  Year                     = {2017},
  Number                   = {5},
  Pages                    = {2348--2359},
  Volume                   = {10},

  File                     = {:home/fzaussin/shares/users/Irrigation/Papers/Dynamic characterization of the incidence angle dependence of backscatter using metop ASCAT.pdf:PDF},
  Owner                    = {fzaussin},
  Publisher                = {IEEE},
  Timestamp                = {2018.04.27}
}

@Article{Han2012,
  Title                    = {CropScape: A Web service based application for exploring and disseminating US conterminous geospatial cropland data products for decision support},
  Author                   = {Han, Weiguo and Yang, Zhengwei and Di, Liping and Mueller, Richard},
  Journal                  = {Computers and Electronics in Agriculture},
  Year                     = {2012},
  Pages                    = {111--123},
  Volume                   = {84},

  File                     = {:home/fzaussin/shares/users/Irrigation/Papers/CropScape\: A Web service based application for exploring and disseminating US conterminous geospatial cropland data products for decision support.pdf:PDF},
  Owner                    = {fzaussin},
  Publisher                = {Elsevier},
  Timestamp                = {2018.04.27}
}

@Article{Henry2016,
  Title                    = {Annual irrigation water use for Arkansas rice production},
  Author                   = {Henry, CG and Hirsh, SL and Anders, MM and Vories, ED and Reba, ML and Watkins, KB and Hardke, JT},
  Journal                  = {Journal of Irrigation and Drainage Engineering},
  Year                     = {2016},
  Number                   = {11},
  Pages                    = {05016006},
  Volume                   = {142},

  File                     = {:home/fzaussin/shares/users/Irrigation/Papers/Annual Irrigation Water Use for Arkansas Rice Production.pdf:PDF},
  Owner                    = {fzaussin},
  Publisher                = {American Society of Civil Engineers},
  Timestamp                = {2018.04.27}
}

@Article{homer2004development,
  Title                    = {Development of a 2001 national land-cover database for the United States},
  Author                   = {Homer, Collin and Huang, Chengquan and Yang, Limin and Wylie, Bruce and Coan, Michael},
  Journal                  = {Photogrammetric Engineering \& Remote Sensing},
  Year                     = {2004},
  Number                   = {7},
  Pages                    = {829--840},
  Volume                   = {70},

  Date-added               = {2017-05-25 17:20:00 +0000},
  Date-modified            = {2017-05-25 17:20:00 +0000},
  File                     = {:home/fzaussin/shares/users/Irrigation/Papers/Development of a 2001 national land-cover database for the United States.pdf:PDF},
  Publisher                = {American Society for Photogrammetry and Remote Sensing}
}

@Article{Hornacek2012,
  Title                    = {Potential for high resolution systematic global surface soil moisture retrieval via change detection using Sentinel-1},
  Author                   = {Hornacek, Michael and Wagner, Wolfgang and Sabel, Daniel and Truong, Hong-Linh and Snoeij, Paul and Hahmann, Thomas and Diedrich, Erhard and Doubkov{\'a}, Marcela},
  Journal                  = {IEEE Journal of Selected Topics in Applied Earth Observations and Remote Sensing},
  Year                     = {2012},
  Number                   = {4},
  Pages                    = {1303--1311},
  Volume                   = {5},

  __markedentry            = {[fzaussin:6]},
  Owner                    = {fzaussin},
  Publisher                = {IEEE},
  Timestamp                = {2018.05.04}
}

@TechReport{howitt2015,
  Title                    = {Preliminary Analysis: 2015 Drought Economic Impact Study},
  Author                   = {Richard Howitt},
  Institution              = {California Department of Food and Agriculture},
  Year                     = {2015},

  Date-modified            = {2018-05-04 07:54:05 +0000},
  File                     = {:home/fzaussin/shares/users/Irrigation/Papers/2015Drought_PrelimAnalysis.pdf:PDF},
  Owner                    = {fzaussin},
  Timestamp                = {2018.04.27}
}

@Article{Im2014,
  Title                    = {Impact of potential large-scale irrigation on the West African monsoon and its dependence on location of irrigated area},
  Author                   = {Im, Eun-Soon and Marcella, Marc P and Eltahir, Elfatih AB},
  Journal                  = {Journal of Climate},
  Year                     = {2014},
  Number                   = {3},
  Pages                    = {994--1009},
  Volume                   = {27},

  File                     = {:home/fzaussin/shares/users/Irrigation/Papers/Impact of potential large-scale irrigation on the West African monsoon and its dependence on location of irrigated area.pdf:PDF},
  Owner                    = {fzaussin},
  Timestamp                = {2018.04.27}
}

@TechReport{nass2010usual,
  title={Usual planting and harvesting dates for US field crops},
  author={NASS, USDA},
  journal={Agricultural Handbook},
  volume={628},
  year={2010}
}

@article{chew2018soil,
  title={Soil moisture sensing using spaceborne GNSS reflections: Comparison of CYGNSS reflectivity to SMAP soil moisture},
  author={Chew, CC and Small, EE},
  journal={Geophysical Research Letters},
  year={2018},
  publisher={Wiley Online Library}
}

@Article{Imaoka2010,
  Title                    = {Global Change Observation Mission (GCOM) for monitoring carbon, water cycles, and climate change},
  Author                   = {Imaoka, Keiji and Kachi, Misako and Fujii, Hideyuki and Murakami, Hiroshi and Hori, Masahiro and Ono, Akiko and Igarashi, Tamotsu and Nakagawa, Keizo and Oki, Taikan and Honda, Yoshiaki and others},
  Journal                  = {Proceedings of the IEEE},
  Year                     = {2010},
  Number                   = {5},
  Pages                    = {717--734},
  Volume                   = {98},

  File                     = {:home/fzaussin/shares/users/Irrigation/Papers/Global Change Observation Mission (GCOM) for monitoring carbon, water cycles, and climate change.pdf:PDF},
  Owner                    = {fzaussin},
  Publisher                = {IEEE},
  Timestamp                = {2018.04.27}
}

@Article{Jaksa2015,
  Title                    = {Effect of irrigation in simulating long-term evapotranspiration climatology in a human-dominated river basin system},
  Author                   = {Jaksa, W Thilini and Sridhar, Venkataramana},
  Journal                  = {Agricultural and forest meteorology},
  Year                     = {2015},
  Pages                    = {109--118},
  Volume                   = {200},

  File                     = {:home/fzaussin/shares/users/Irrigation/Papers/Effect of irrigation in simulating long-term evapotranspiration climatology in a human-dominated river basin system.pdf:PDF},
  Owner                    = {fzaussin},
  Publisher                = {Elsevier},
  Timestamp                = {2018.04.27}
}

@Article{Johnson2015,
  Title                    = {California Agricultural Production and Irrigated Water Use},
  Author                   = {Johnson, Ren{\'e}e and Cody, Betsy A},
  Journal                  = {Congressional Research Service: Washington, DC, USA},
  Year                     = {2015},

  File                     = {:home/fzaussin/shares/users/Irrigation/Papers/California - Agricultural Production and Irrigated Water Use.pdf:PDF},
  Owner                    = {fzaussin},
  Timestamp                = {2018.04.27}
}

@Article{kebede2014irrigation,
  Title                    = {Irrigation methods and scheduling in the delta region of Mississippi: Current status and strategies to improve irrigation efficiency},
  Author                   = {Kebede, Hirut and Fisher, Daniel K and Sui, Ruixiu and Reddy, Krishna N and others},
  Journal                  = {American Journal of Plant Sciences},
  Year                     = {2014},
  Number                   = {20},
  Pages                    = {2917},
  Volume                   = {5},

  Bdsk-file-1              = {YnBsaXN0MDDUAQIDBAUGJCVYJHZlcnNpb25YJG9iamVjdHNZJGFyY2hpdmVyVCR0b3ASAAGGoKgHCBMUFRYaIVUkbnVsbNMJCgsMDxJXTlMua2V5c1pOUy5vYmplY3RzViRjbGFzc6INDoACgAOiEBGABIAFgAdccmVsYXRpdmVQYXRoWWFsaWFzRGF0YV8QSy4uLy4uLy4uL0dvb2dsZSBEcml2ZS9CU2NUaGVzaXMvcGFwZXJzL19zZWxlY3Rpb24vQUpQU18yMDE0MDkyNDE0MTk0OTAxLnBkZtIXCxgZV05TLmRhdGFPEQH2AAAAAAH2AAIAAAxNYWNpbnRvc2ggSEQAAAAAAAAAAAAAAAAAAADQiapaSCsAAAFHAQMZQUpQU18yMDE0MDkyNDE0MTk0OTAxLnBkZgAAAAAAAAAAAAAAAAAAAAAAAAAAAAAAAAAAAAAAAAAAAAAAAAAAAWBMqtVfBCQAAAAAAAAAAAADAAUAAAkgAAAAAAAAAAAAAAAAAAAACl9zZWxlY3Rpb24AEAAIAADQiZxKAAAAEQAIAADVXugEAAAAAQAYAUcBAwFGZjgBRmYuAU1E2gAJQKQAApPTAAIAYU1hY2ludG9zaCBIRDpVc2VyczoAZmVsaXg6AEdvb2dsZSBEcml2ZToAQlNjVGhlc2lzOgBwYXBlcnM6AF9zZWxlY3Rpb246AEFKUFNfMjAxNDA5MjQxNDE5NDkwMS5wZGYAAA4ANAAZAEEASgBQAFMAXwAyADAAMQA0ADAAOQAyADQAMQA0ADEAOQA0ADkAMAAxAC4AcABkAGYADwAaAAwATQBhAGMAaQBuAHQAbwBzAGgAIABIAEQAEgBOVXNlcnMvZmVsaXgvR29vZ2xlIERyaXZlL0JTY1RoZXNpcy9wYXBlcnMvX3NlbGVjdGlvbi9BSlBTXzIwMTQwOTI0MTQxOTQ5MDEucGRmABMAAS8AABUAAgAM//8AAIAG0hscHR5aJGNsYXNzbmFtZVgkY2xhc3Nlc11OU011dGFibGVEYXRhox0fIFZOU0RhdGFYTlNPYmplY3TSGxwiI1xOU0RpY3Rpb25hcnmiIiBfEA9OU0tleWVkQXJjaGl2ZXLRJidUcm9vdIABAAgAEQAaACMALQAyADcAQABGAE0AVQBgAGcAagBsAG4AcQBzAHUAdwCEAI4A3ADhAOkC4wLlAuoC9QL+AwwDEAMXAyADJQMyAzUDRwNKA08AAAAAAAACAQAAAAAAAAAoAAAAAAAAAAAAAAAAAAADUQ==},
  Date-added               = {2017-06-08 11:41:40 +0000},
  Date-modified            = {2017-06-08 11:41:40 +0000},
  File                     = {:home/fzaussin/shares/users/Irrigation/Papers/Irrigation in California?s Central Valley strengthens the southwestern U.S. water cycle.pdf:PDF},
  Publisher                = {Scientific Research Publishing}
}

@Article{kerr2001soil,
  Title                    = {Soil moisture retrieval from space: The Soil Moisture and Ocean Salinity (SMOS) mission},
  Author                   = {Kerr, Yann H and Waldteufel, Philippe and Wigneron, J-P and Martinuzzi, JAMJ and Font, Jordi and Berger, Michael},
  Journal                  = {IEEE transactions on Geoscience and remote sensing},
  Year                     = {2001},
  Number                   = {8},
  Pages                    = {1729--1735},
  Volume                   = {39},

  Date-added               = {2017-06-08 19:29:11 +0000},
  Date-modified            = {2017-06-08 19:29:11 +0000},
  File                     = {:home/fzaussin/shares/users/Irrigation/Papers/Soil moisture retrieval from space\: The Soil Moisture and Ocean Salinity (SMOS) mission.pdf:PDF},
  Publisher                = {IEEE}
}

@Article{koster2004regions,
  Title                    = {Regions of strong coupling between soil moisture and precipitation},
  Author                   = {Koster, Randal D and Dirmeyer, Paul A and Guo, Zhichang and Bonan, Gordon and Chan, Edmond and Cox, Peter and Gordon, CT and Kanae, Shinjiro and Kowalczyk, Eva and Lawrence, David and others},
  Journal                  = {Science},
  Year                     = {2004},
  Number                   = {5687},
  Pages                    = {1138--1140},
  Volume                   = {305},

  Date-added               = {2017-05-25 17:30:48 +0000},
  Date-modified            = {2017-05-25 17:30:48 +0000},
  File                     = {:home/fzaussin/shares/users/Irrigation/Papers/Regions of strong coupling between soil moisture and precipitation.pdf:PDF},
  Publisher                = {American Association for the Advancement of Science}
}

@Article{Koster2009,
  Title                    = {On the nature of soil moisture in land surface models},
  Author                   = {Koster, Randal D and Guo, Zhichang and Yang, Rongqian and Dirmeyer, Paul A and Mitchell, Kenneth and Puma, Michael J},
  Journal                  = {Journal of Climate},
  Year                     = {2009},
  Number                   = {16},
  Pages                    = {4322--4335},
  Volume                   = {22},

  Bdsk-url-1               = {https://journals.ametsoc.org/doi/full/10.1175/2009JCLI2832.1},
  File                     = {:home/fzaussin/shares/users/Irrigation/Papers/On the Nature of Soil Moisture in Land Surface Models.pdf:PDF},
  Owner                    = {fzaussin},
  Timestamp                = {2018.04.27},
  Url                      = {https://journals.ametsoc.org/doi/full/10.1175/2009JCLI2832.1}
}

@Article{Kueppers2007,
  Title                    = {Irrigation cooling effect: Regional climate forcing by land-use change},
  Author                   = {Kueppers, Lara M and Snyder, Mark A and Sloan, Lisa C},
  Journal                  = {Geophysical Research Letters},
  Year                     = {2007},
  Number                   = {3},
  Volume                   = {34},

  File                     = {:home/fzaussin/shares/users/Irrigation/Papers/Irrigation cooling effect\: Regional climate forcing by land-use change.pdf:PDF},
  Owner                    = {fzaussin},
  Publisher                = {Wiley Online Library},
  Timestamp                = {2018.04.27}
}

@Article{Kumar_2015,
  Title                    = {Evaluating the utility of satellite soil moisture retrievals over irrigated areas and the ability of land data assimilation methods to correct for unmodeled processes},
  Author                   = {Kumar, S. V. and Peters-Lidard, C. D. and Santanello, J. A. and Reichle, R. H. and Draper, C. S. and Koster, R. D. and Nearing, G. and Jasinski, M. F.},
  Journal                  = {Hydrology and Earth System Sciences},
  Year                     = {2015},

  Month                    = {Nov},
  Number                   = {11},
  Pages                    = {4463--4478},
  Volume                   = {19},

  Bdsk-file-1              = {YnBsaXN0MDDUAQIDBAUGJCVYJHZlcnNpb25YJG9iamVjdHNZJGFyY2hpdmVyVCR0b3ASAAGGoKgHCBMUFRYaIVUkbnVsbNMJCgsMDxJXTlMua2V5c1pOUy5vYmplY3RzViRjbGFzc6INDoACgAOiEBGABIAFgAdccmVsYXRpdmVQYXRoWWFsaWFzRGF0YV8QRy4uLy4uLy4uL0dvb2dsZSBEcml2ZS9CU2NUaGVzaXMvcGFwZXJzL19zZWxlY3Rpb24vaGVzcy0xOS00NDYzLTIwMTUucGRm0hcLGBlXTlMuZGF0YU8RAeYAAAAAAeYAAgAADE1hY2ludG9zaCBIRAAAAAAAAAAAAAAAAAAAANCJqlpIKwAAAUcBAxVoZXNzLTE5LTQ0NjMtMjAxNS5wZGYAAAAAAAAAAAAAAAAAAAAAAAAAAAAAAAAAAAAAAAAAAAAAAAAAAAAAAAABW0lk1CLnKgAAAAAAAAAAAAMABQAACSAAAAAAAAAAAAAAAAAAAAAKX3NlbGVjdGlvbgAQAAgAANCJnEoAAAARAAgAANQiywoAAAABABgBRwEDAUZmOAFGZi4BTUTaAAlApAACk9MAAgBdTWFjaW50b3NoIEhEOlVzZXJzOgBmZWxpeDoAR29vZ2xlIERyaXZlOgBCU2NUaGVzaXM6AHBhcGVyczoAX3NlbGVjdGlvbjoAaGVzcy0xOS00NDYzLTIwMTUucGRmAAAOACwAFQBoAGUAcwBzAC0AMQA5AC0ANAA0ADYAMwAtADIAMAAxADUALgBwAGQAZgAPABoADABNAGEAYwBpAG4AdABvAHMAaAAgAEgARAASAEpVc2Vycy9mZWxpeC9Hb29nbGUgRHJpdmUvQlNjVGhlc2lzL3BhcGVycy9fc2VsZWN0aW9uL2hlc3MtMTktNDQ2My0yMDE1LnBkZgATAAEvAAAVAAIADP//AACABtIbHB0eWiRjbGFzc25hbWVYJGNsYXNzZXNdTlNNdXRhYmxlRGF0YaMdHyBWTlNEYXRhWE5TT2JqZWN00hscIiNcTlNEaWN0aW9uYXJ5oiIgXxAPTlNLZXllZEFyY2hpdmVy0SYnVHJvb3SAAQAIABEAGgAjAC0AMgA3AEAARgBNAFUAYABnAGoAbABuAHEAcwB1AHcAhACOANgA3QDlAs8C0QLWAuEC6gL4AvwDAwMMAxEDHgMhAzMDNgM7AAAAAAAAAgEAAAAAAAAAKAAAAAAAAAAAAAAAAAAAAz0=},
  Date-added               = {2017-05-03 21:45:10 +0000},
  Date-modified            = {2017-05-24 16:30:56 +0000},
  Doi                      = {10.5194/hess-19-4463-2015},
  File                     = {:home/fzaussin/shares/users/Irrigation/Papers/Evaluating the utility of satellite soil moisture retrievals over irrigated areas and the ability of land data assimilation methods to correct for unmodeled processes.pdf:PDF},
  ISSN                     = {1607-7938},
  Publisher                = {Copernicus GmbH},
  Rating                   = {5},
  Url                      = {http://dx.doi.org/10.5194/hess-19-4463-2015}
}

@Article{Kummu2016,
  Title                    = {The world?s road to water scarcity: shortage and stress in the 20th century and pathways towards sustainability},
  Author                   = {Kummu, M and Guillaume, JHA and De Moel, H and Eisner, S and Fl{\"o}rke, M and Porkka, M and Siebert, S and Veldkamp, TIE and Ward, PJ},
  Journal                  = {Scientific reports},
  Year                     = {2016},
  Pages                    = {38495},
  Volume                   = {6},

  File                     = {:home/fzaussin/shares/users/Irrigation/Papers/The world?s road to water scarcity\: shortage and stress in the 20th century and pathways towards sustainability.pdf:PDF},
  Owner                    = {fzaussin},
  Publisher                = {Nature Publishing Group},
  Timestamp                = {2018.04.27}
}

@Article{Kundzewicz2008,
  Title                    = {The implications of projected climate change for freshwater resources and their management},
  Author                   = {Kundzewicz, ZW and Mata, LJ and Arnell, Nigel William and D{\"o}ll, P and Jimenez, B and Miller, K and Oki, T and {\c{S}}en, Z and Shiklomanov, I},
  Year                     = {2008},

  File                     = {:home/fzaussin/shares/users/Irrigation/Papers/The implications of projected climate change for freshwater resources and their management.pdf:PDF},
  Owner                    = {fzaussin},
  Publisher                = {Taylor \& Francis},
  Timestamp                = {2018.04.27}
}

@Article{kundzewicz2008implications,
  Title                    = {The implications of projected climate change for freshwater resources and their management},
  Author                   = {Kundzewicz, Zbigniew W and Mata, LJ and Arnell, Nigel William and D{\"o}ll, P and Jimenez, B and Miller, K and Oki, T and {\c{S}}en, Z and Shiklomanov, I},
  Year                     = {2008},

  Date-added               = {2017-05-03 21:49:08 +0000},
  Date-modified            = {2017-05-03 21:49:08 +0000},
  File                     = {:home/fzaussin/shares/users/Irrigation/Papers/The implications of projected climate change for freshwater resources and their management.pdf:PDF},
  Publisher                = {Taylor \& Francis Group}
}

@Article{Lawston2017,
  Title                    = {Irrigation Signals Detected From SMAP Soil Moisture Retrievals},
  Author                   = {Lawston, Patricia M and Santanello, Joseph A and Kumar, Sujay V},
  Journal                  = {Geophysical Research Letters},
  Year                     = {2017},

  File                     = {:home/fzaussin/shares/users/Irrigation/Papers/Irrigation Signals Detected From SMAP Soil Moisture Retrievals.pdf:PDF},
  Owner                    = {fzaussin},
  Publisher                = {Wiley Online Library},
  Timestamp                = {2018.04.27}
}

@Article{legates-2011,
  Title                    = {Soil moisture: A central and unifying theme in physical geography},
  Author                   = {David R. Legates and Rezaul Mahmood and Delphis F. Levia and Tracy L. DeLiberty and Steven M. Quiring and Chris Houser and Frederick E. Nelson},
  Journal                  = {Progress in Physical Geography},
  Year                     = {2011},
  Number                   = {1},
  Pages                    = {65-86},
  Volume                   = {35},

  Abstract                 = { Soil moisture is a critical component of the earth system and plays an integrative role among the various subfields of physical geography. This paper highlights not just how soil moisture affects atmospheric, geomorphic, hydrologic, and biologic processes but that it lies at the intersection of these areas of scientific inquiry. Soil moisture impacts earth surface processes in such a way that it creates an obvious synergistic relationship among the various subfields of physical geography. The dispersive and cohesive properties of soil moisture also make it an important variable in regional and microclimatic analyses, landscape denudation and change through weathering, runoff generation and partitioning, mass wasting, and sediment transport. Thus, this paper serves as a call to use research in soil moisture as an integrative and unifying theme in physical geography. },
  Bdsk-url-1               = {http://dx.doi.org/10.1177/0309133310386514},
  Date-added               = {2017-05-25 17:32:08 +0000},
  Date-modified            = {2017-05-25 17:32:22 +0000},
  Doi                      = {10.1177/0309133310386514},
  Eprint                   = {http://dx.doi.org/10.1177/0309133310386514},
  File                     = {:home/fzaussin/shares/users/Irrigation/Papers/Soil moisture\: A central and unifying theme in physical geography.pdf:PDF},
  Url                      = {http://dx.doi.org/10.1177/0309133310386514}
}

@Article{Linquist2015,
  Title                    = {Water balances and evapotranspiration in water-and dry-seeded rice systems},
  Author                   = {Linquist, Bruce and Snyder, Richard and Anderson, Frank and Espino, Luis and Inglese, Guglielmo and Marras, Serena and Moratiel, Ruben and Mutters, Randall and Nicolosi, Placido and Rejmanek, Honza and others},
  Journal                  = {Irrigation science},
  Year                     = {2015},
  Number                   = {5},
  Pages                    = {375--385},
  Volume                   = {33},

  File                     = {:home/fzaussin/shares/users/Irrigation/Papers/California - Water balances and evapotranspiration in water and dry seeded rice systems.pdf:PDF},
  Owner                    = {fzaussin},
  Publisher                = {Springer},
  Timestamp                = {2018.04.27}
}

@Article{Lo2013,
  Title                    = {Irrigation in California's Central Valley strengthens the southwestern US water cycle},
  Author                   = {Lo, Min-Hui and Famiglietti, James S},
  Journal                  = {Geophysical Research Letters},
  Year                     = {2013},
  Number                   = {2},
  Pages                    = {301--306},
  Volume                   = {40},

  File                     = {:home/fzaussin/shares/users/Irrigation/Papers/Irrigation in California?s Central Valley strengthens the southwestern U.S. water cycle.pdf:PDF},
  Owner                    = {fzaussin},
  Publisher                = {Wiley Online Library},
  Timestamp                = {2018.04.26}
}

@Article{lobell_2006,
  Title                    = {Biogeophysical impacts of cropland management changes on climate},
  Author                   = {Lobell, D. B. and Bala, G. and Duffy, P. B.},
  Journal                  = {Geophysical Research Letters},
  Year                     = {2006},
  Note                     = {L06708},
  Number                   = {6},
  Pages                    = {n/a--n/a},
  Volume                   = {33},

  Bdsk-file-1              = {YnBsaXN0MDDUAQIDBAUGJCVYJHZlcnNpb25YJG9iamVjdHNZJGFyY2hpdmVyVCR0b3ASAAGGoKgHCBMUFRYaIVUkbnVsbNMJCgsMDxJXTlMua2V5c1pOUy5vYmplY3RzViRjbGFzc6INDoACgAOiEBGABIAFgAdccmVsYXRpdmVQYXRoWWFsaWFzRGF0YV8QQS4uLy4uLy4uL0dvb2dsZSBEcml2ZS9CU2NUaGVzaXMvcGFwZXJzL19zZWxlY3Rpb24vbG9iZWxsXzIwMDYucGRm0hcLGBlXTlMuZGF0YU8RAc4AAAAAAc4AAgAADE1hY2ludG9zaCBIRAAAAAAAAAAAAAAAAAAAANCJqlpIKwAAAUcBAw9sb2JlbGxfMjAwNi5wZGYAAAAAAAAAAAAAAAAAAAAAAAAAAAAAAAAAAAAAAAAAAAAAAAAAAAAAAAAAAAAAAAABT+US1UyBPgAAAAAAAAAAAAMABQAACSAAAAAAAAAAAAAAAAAAAAAKX3NlbGVjdGlvbgAQAAgAANCJnEoAAAARAAgAANVMZR4AAAABABgBRwEDAUZmOAFGZi4BTUTaAAlApAACk9MAAgBXTWFjaW50b3NoIEhEOlVzZXJzOgBmZWxpeDoAR29vZ2xlIERyaXZlOgBCU2NUaGVzaXM6AHBhcGVyczoAX3NlbGVjdGlvbjoAbG9iZWxsXzIwMDYucGRmAAAOACAADwBsAG8AYgBlAGwAbABfADIAMAAwADYALgBwAGQAZgAPABoADABNAGEAYwBpAG4AdABvAHMAaAAgAEgARAASAERVc2Vycy9mZWxpeC9Hb29nbGUgRHJpdmUvQlNjVGhlc2lzL3BhcGVycy9fc2VsZWN0aW9uL2xvYmVsbF8yMDA2LnBkZgATAAEvAAAVAAIADP//AACABtIbHB0eWiRjbGFzc25hbWVYJGNsYXNzZXNdTlNNdXRhYmxlRGF0YaMdHyBWTlNEYXRhWE5TT2JqZWN00hscIiNcTlNEaWN0aW9uYXJ5oiIgXxAPTlNLZXllZEFyY2hpdmVy0SYnVHJvb3SAAQAIABEAGgAjAC0AMgA3AEAARgBNAFUAYABnAGoAbABuAHEAcwB1AHcAhACOANIA1wDfArECswK4AsMCzALaAt4C5QLuAvMDAAMDAxUDGAMdAAAAAAAAAgEAAAAAAAAAKAAAAAAAAAAAAAAAAAAAAx8=},
  Bdsk-url-1               = {http://dx.doi.org/10.1029/2005GL025492},
  Date-added               = {2017-05-25 10:42:51 +0000},
  Date-modified            = {2017-05-25 10:43:11 +0000},
  Doi                      = {10.1029/2005GL025492},
  File                     = {:home/fzaussin/shares/users/Irrigation/Papers/Biogeophysical impacts of cropland management changes on climate.pdf:PDF},
  ISSN                     = {1944-8007},
  Keywords                 = {Agricultural systems, Earth system modeling, Land cover change},
  Url                      = {http://dx.doi.org/10.1029/2005GL025492}
}

@Article{loveland2000development,
  Title                    = {Development of a global land cover characteristics database and IGBP DISCover from 1 km AVHRR data},
  Author                   = {Loveland, Thomas R and Reed, Bradley C and Brown, Jesslyn F and Ohlen, Donald O and Zhu, Zhiliang and Yang, LWMJ and Merchant, James W},
  Journal                  = {International Journal of Remote Sensing},
  Year                     = {2000},
  Number                   = {6-7},
  Pages                    = {1303--1330},
  Volume                   = {21},

  Date-added               = {2017-05-25 17:16:58 +0000},
  Date-modified            = {2017-05-25 17:16:58 +0000},
  File                     = {:home/fzaussin/shares/users/Irrigation/Papers/Development of a global land cover characteristics database and IGBP DISCover from 1 km AVHRR data.pdf:PDF},
  Publisher                = {Taylor \& Francis}
}

@Article{McColl_2017,
  Title                    = {The global distribution and dynamics of surface soil moisture},
  Author                   = {McColl, Kaighin A. and Alemohammad, Seyed Hamed and Akbar, Ruzbeh and Konings, Alexandra G. and Yueh, Simon and Entekhabi, Dara},
  Journal                  = {Nature Geoscience},
  Year                     = {2017},

  Month                    = {Jan},
  Number                   = {2},
  Pages                    = {100--104},
  Volume                   = {10},

  Bdsk-file-1              = {YnBsaXN0MDDUAQIDBAUGJCVYJHZlcnNpb25YJG9iamVjdHNZJGFyY2hpdmVyVCR0b3ASAAGGoKgHCBMUFRYaIVUkbnVsbNMJCgsMDxJXTlMua2V5c1pOUy5vYmplY3RzViRjbGFzc6INDoACgAOiEBGABIAFgAdccmVsYXRpdmVQYXRoWWFsaWFzRGF0YV8QPi4uLy4uLy4uL0dvb2dsZSBEcml2ZS9CU2NUaGVzaXMvcGFwZXJzL19zZWxlY3Rpb24vbmdlbzI4NjgucGRm0hcLGBlXTlMuZGF0YU8RAcIAAAAAAcIAAgAADE1hY2ludG9zaCBIRAAAAAAAAAAAAAAAAAAAANCJqlpIKwAAAUcBAwxuZ2VvMjg2OC5wZGYAAAAAAAAAAAAAAAAAAAAAAAAAAAAAAAAAAAAAAAAAAAAAAAAAAAAAAAAAAAAAAAAAAAABS85K1T9LfwAAAAAAAAAAAAMABQAACSAAAAAAAAAAAAAAAAAAAAAKX3NlbGVjdGlvbgAQAAgAANCJnEoAAAARAAgAANU/L18AAAABABgBRwEDAUZmOAFGZi4BTUTaAAlApAACk9MAAgBUTWFjaW50b3NoIEhEOlVzZXJzOgBmZWxpeDoAR29vZ2xlIERyaXZlOgBCU2NUaGVzaXM6AHBhcGVyczoAX3NlbGVjdGlvbjoAbmdlbzI4NjgucGRmAA4AGgAMAG4AZwBlAG8AMgA4ADYAOAAuAHAAZABmAA8AGgAMAE0AYQBjAGkAbgB0AG8AcwBoACAASABEABIAQVVzZXJzL2ZlbGl4L0dvb2dsZSBEcml2ZS9CU2NUaGVzaXMvcGFwZXJzL19zZWxlY3Rpb24vbmdlbzI4NjgucGRmAAATAAEvAAAVAAIADP//AACABtIbHB0eWiRjbGFzc25hbWVYJGNsYXNzZXNdTlNNdXRhYmxlRGF0YaMdHyBWTlNEYXRhWE5TT2JqZWN00hscIiNcTlNEaWN0aW9uYXJ5oiIgXxAPTlNLZXllZEFyY2hpdmVy0SYnVHJvb3SAAQAIABEAGgAjAC0AMgA3AEAARgBNAFUAYABnAGoAbABuAHEAcwB1AHcAhACOAM8A1ADcAqICpAKpArQCvQLLAs8C1gLfAuQC8QL0AwYDCQMOAAAAAAAAAgEAAAAAAAAAKAAAAAAAAAAAAAAAAAAAAxA=},
  Date-added               = {2017-05-24 16:13:51 +0000},
  Date-modified            = {2017-05-24 16:13:51 +0000},
  Doi                      = {10.1038/ngeo2868},
  File                     = {:home/fzaussin/shares/users/Irrigation/Papers/The global distribution and dynamics of surface soil moisture.pdf:PDF},
  ISSN                     = {1752-0908},
  Publisher                = {Springer Nature},
  Url                      = {http://dx.doi.org/10.1038/NGEO2868}
}

@Article{McDonald2013,
  Title                    = {Two challenges for US irrigation due to climate change: increasing irrigated area in wet states and increasing irrigation rates in dry states},
  Author                   = {McDonald, Robert I and Girvetz, Evan H},
  Journal                  = {PloS one},
  Year                     = {2013},
  Number                   = {6},
  Pages                    = {e65589},
  Volume                   = {8},

  File                     = {:home/fzaussin/shares/users/Irrigation/Papers/Two challenges for US irrigation due to climate change\: increasing irrigated area in wet states and increasing irrigation rates in dry states.pdf:PDF},
  Owner                    = {fzaussin},
  Publisher                = {Public Library of Science},
  Timestamp                = {2018.04.27}
}

@Article{naeimi2009improved,
  Title                    = {An improved soil moisture retrieval algorithm for ERS and METOP scatterometer observations},
  Author                   = {Naeimi, Vahid and Scipal, Klaus and Bartalis, Zoltan and Hasenauer, Stefan and Wagner, Wolfgang},
  Journal                  = {IEEE Transactions on Geoscience and Remote Sensing},
  Year                     = {2009},
  Number                   = {7},
  Pages                    = {1999--2013},
  Volume                   = {47},

  Date-added               = {2017-11-13 12:32:57 +0000},
  Date-modified            = {2017-11-13 12:32:57 +0000},
  File                     = {:home/fzaussin/shares/users/Irrigation/Papers/An improved soil moisture retrieval algorithm for ERS and METOP scatterometer observations.pdf:PDF},
  Publisher                = {IEEE}
}

@Article{cropcalendar_2010,
  Title                    = {Usual Planting and Harvesting Dates},
  Author                   = {NASS},
  Journal                  = {USDA},
  Year                     = {2010},

  Bdsk-file-1              = {YnBsaXN0MDDUAQIDBAUGJCVYJHZlcnNpb25YJG9iamVjdHNZJGFyY2hpdmVyVCR0b3ASAAGGoKgHCBMUFRYaIVUkbnVsbNMJCgsMDxJXTlMua2V5c1pOUy5vYmplY3RzViRjbGFzc6INDoACgAOiEBGABIAFgAdccmVsYXRpdmVQYXRoWWFsaWFzRGF0YV8QSC4uLy4uLy4uL0dvb2dsZSBEcml2ZS9CU2NUaGVzaXMvcGFwZXJzL19zZWxlY3Rpb24vQ3JvcF9DYWxlbmRhcl8yMDEwLnBkZtIXCxgZV05TLmRhdGFPEQHqAAAAAAHqAAIAAAxNYWNpbnRvc2ggSEQAAAAAAAAAAAAAAAAAAADQiapaSCsAAAFHAQMWQ3JvcF9DYWxlbmRhcl8yMDEwLnBkZgAAAAAAAAAAAAAAAAAAAAAAAAAAAAAAAAAAAAAAAAAAAAAAAAAAAAAAAUZm4NQi5ykAAAAAAAAAAAADAAUAAAkgAAAAAAAAAAAAAAAAAAAACl9zZWxlY3Rpb24AEAAIAADQiZxKAAAAEQAIAADUIssJAAAAAQAYAUcBAwFGZjgBRmYuAU1E2gAJQKQAApPTAAIAXk1hY2ludG9zaCBIRDpVc2VyczoAZmVsaXg6AEdvb2dsZSBEcml2ZToAQlNjVGhlc2lzOgBwYXBlcnM6AF9zZWxlY3Rpb246AENyb3BfQ2FsZW5kYXJfMjAxMC5wZGYADgAuABYAQwByAG8AcABfAEMAYQBsAGUAbgBkAGEAcgBfADIAMAAxADAALgBwAGQAZgAPABoADABNAGEAYwBpAG4AdABvAHMAaAAgAEgARAASAEtVc2Vycy9mZWxpeC9Hb29nbGUgRHJpdmUvQlNjVGhlc2lzL3BhcGVycy9fc2VsZWN0aW9uL0Nyb3BfQ2FsZW5kYXJfMjAxMC5wZGYAABMAAS8AABUAAgAM//8AAIAG0hscHR5aJGNsYXNzbmFtZVgkY2xhc3Nlc11OU011dGFibGVEYXRhox0fIFZOU0RhdGFYTlNPYmplY3TSGxwiI1xOU0RpY3Rpb25hcnmiIiBfEA9OU0tleWVkQXJjaGl2ZXLRJidUcm9vdIABAAgAEQAaACMALQAyADcAQABGAE0AVQBgAGcAagBsAG4AcQBzAHUAdwCEAI4A2QDeAOYC1ALWAtsC5gLvAv0DAQMIAxEDFgMjAyYDOAM7A0AAAAAAAAACAQAAAAAAAAAoAAAAAAAAAAAAAAAAAAADQg==},
  Date-added               = {2017-05-03 21:49:22 +0000},
  Date-modified            = {2017-06-08 21:42:43 +0000},
  File                     = {:home/fzaussin/shares/users/Irrigation/Papers/Field Crops Usual Planting and Harvesting Dates 2010.pdf:PDF}
}

@Article{Oki2006,
  Title                    = {Global hydrological cycles and world water resources},
  Author                   = {Oki, Taikan and Kanae, Shinjiro},
  Journal                  = {science},
  Year                     = {2006},
  Number                   = {5790},
  Pages                    = {1068--1072},
  Volume                   = {313},

  File                     = {:home/fzaussin/shares/users/Irrigation/Papers/Global Hydrological Cycles and World Water Resources.pdf:PDF},
  Owner                    = {fzaussin},
  Publisher                = {American Association for the Advancement of Science},
  Timestamp                = {2018.04.27}
}

@Article{Owe2008,
  Title                    = {Multisensor historical climatology of satellite-derived global land surface moisture},
  Author                   = {Owe, Manfred and de Jeu, Richard and Holmes, Thomas},
  Journal                  = {Journal of Geophysical Research: Earth Surface},
  Year                     = {2008},
  Number                   = {F1},
  Volume                   = {113},
  File                     = {:home/fzaussin/shares/users/Irrigation/Papers/Multisensor historical climatology of satellite-derivedglobal land surface moisture.pdf:PDF},
  Owner                    = {fzaussin},
  Publisher                = {Wiley Online Library},
  Timestamp                = {2018.05.04}
}

@Article{Ozdogan_2008,
  Title                    = {A new methodology to map irrigated areas using multi-temporal MODIS and ancillary data: An application example in the continental US},
  Author                   = {Ozdogan, Mutlu and Gutman, Garik},
  Journal                  = {Remote Sensing of Environment},
  Year                     = {2008},

  Month                    = {Sep},
  Number                   = {9},
  Pages                    = {3520--3537},
  Volume                   = {112},

  Bdsk-url-1               = {https://doi.org/10.1016/j.rse.2008.04.010},
  Date-added               = {2017-05-03 21:44:40 +0000},
  Date-modified            = {2017-05-03 21:44:40 +0000},
  Doi                      = {10.1016/j.rse.2008.04.010},
  File                     = {:home/fzaussin/shares/users/Irrigation/Papers/A new methodology to map irrigated areas using multi-temporal MODIS and ancillary data\: An application example in the continental US.pdf:PDF},
  ISSN                     = {0034-4257},
  Publisher                = {Elsevier BV},
  Url                      = {http://dx.doi.org/10.1016/j.rse.2008.04.010}
}

@Article{Ozdogan_2010,
  Title                    = {Simulating the Effects of Irrigation over the United States in a Land Surface Model Based on Satellite-Derived Agricultural Data},
  Author                   = {Ozdogan, Mutlu and Rodell, Matthew and Beaudoing, Hiroko Kato and Toll, David L.},
  Journal                  = {Journal of Hydrometeorology},
  Year                     = {2010},

  Month                    = {Feb},
  Number                   = {1},
  Pages                    = {171--184},
  Volume                   = {11},

  Bdsk-file-1              = {YnBsaXN0MDDUAQIDBAUGJCVYJHZlcnNpb25YJG9iamVjdHNZJGFyY2hpdmVyVCR0b3ASAAGGoKgHCBMUFRYaIVUkbnVsbNMJCgsMDxJXTlMua2V5c1pOUy5vYmplY3RzViRjbGFzc6INDoACgAOiEBGABIAFgAdccmVsYXRpdmVQYXRoWWFsaWFzRGF0YV8QQy4uLy4uLy4uL0dvb2dsZSBEcml2ZS9CU2NUaGVzaXMvcGFwZXJzL19zZWxlY3Rpb24vMjAwOWpobTExMTYuMS5wZGbSFwsYGVdOUy5kYXRhTxEB1gAAAAAB1gACAAAMTWFjaW50b3NoIEhEAAAAAAAAAAAAAAAAAAAA0ImqWkgrAAABRwEDETIwMDlqaG0xMTE2LjEucGRmAAAAAAAAAAAAAAAAAAAAAAAAAAAAAAAAAAAAAAAAAAAAAAAAAAAAAAAAAAAAAAFXdyXVMBZSAAAAAAAAAAAAAwAFAAAJIAAAAAAAAAAAAAAAAAAAAApfc2VsZWN0aW9uABAACAAA0ImcSgAAABEACAAA1S/6MgAAAAEAGAFHAQMBRmY4AUZmLgFNRNoACUCkAAKT0wACAFlNYWNpbnRvc2ggSEQ6VXNlcnM6AGZlbGl4OgBHb29nbGUgRHJpdmU6AEJTY1RoZXNpczoAcGFwZXJzOgBfc2VsZWN0aW9uOgAyMDA5amhtMTExNi4xLnBkZgAADgAkABEAMgAwADAAOQBqAGgAbQAxADEAMQA2AC4AMQAuAHAAZABmAA8AGgAMAE0AYQBjAGkAbgB0AG8AcwBoACAASABEABIARlVzZXJzL2ZlbGl4L0dvb2dsZSBEcml2ZS9CU2NUaGVzaXMvcGFwZXJzL19zZWxlY3Rpb24vMjAwOWpobTExMTYuMS5wZGYAEwABLwAAFQACAAz//wAAgAbSGxwdHlokY2xhc3NuYW1lWCRjbGFzc2VzXU5TTXV0YWJsZURhdGGjHR8gVk5TRGF0YVhOU09iamVjdNIbHCIjXE5TRGljdGlvbmFyeaIiIF8QD05TS2V5ZWRBcmNoaXZlctEmJ1Ryb290gAEACAARABoAIwAtADIANwBAAEYATQBVAGAAZwBqAGwAbgBxAHMAdQB3AIQAjgDUANkA4QK7Ar0CwgLNAtYC5ALoAu8C+AL9AwoDDQMfAyIDJwAAAAAAAAIBAAAAAAAAACgAAAAAAAAAAAAAAAAAAAMp},
  Date-added               = {2017-05-24 16:21:46 +0000},
  Date-modified            = {2017-05-24 16:21:46 +0000},
  Doi                      = {10.1175/2009jhm1116.1},
  File                     = {:home/fzaussin/shares/users/Irrigation/Papers/Simulating the Effects of Irrigation over the United States in a Land Surface Model Based on Satellite-Derived Agricultural Data.pdf:PDF},
  ISSN                     = {1525-7541},
  Publisher                = {American Meteorological Society},
  Url                      = {http://dx.doi.org/10.1175/2009JHM1116.1}
}

@Article{Ozdogan2006,
  Title                    = {Changes in summer irrigated crop area and water use in Southeastern Turkey from 1993 to 2002: Implications for current and future water resources},
  Author                   = {Ozdogan, Mutlu and Woodcock, Curtis E and Salvucci, Guido D and Demir, H{\"u}seyin},
  Journal                  = {Water resources management},
  Year                     = {2006},
  Number                   = {3},
  Pages                    = {467--488},
  Volume                   = {20},

  File                     = {:home/fzaussin/shares/users/Irrigation/Papers/Changes in summer irrigated crop area and water use in Southeastern Turkey from 1993 to 2002\: Implications for current and future water resources.pdf:PDF},
  Owner                    = {fzaussin},
  Publisher                = {Springer},
  Timestamp                = {2018.04.27}
}

@Article{Ozdogan_2010_2,
  Title                    = {Remote Sensing of Irrigated Agriculture: Opportunities and Challenges},
  Author                   = {Ozdogan, Mutlu and Yang, Yang and Allez, George and Cervantes, Chelsea},
  Journal                  = {Remote Sensing},
  Year                     = {2010},

  Month                    = {Sep},
  Number                   = {9},
  Pages                    = {2274--2304},
  Volume                   = {2},

  Bdsk-file-1              = {YnBsaXN0MDDUAQIDBAUGJCVYJHZlcnNpb25YJG9iamVjdHNZJGFyY2hpdmVyVCR0b3ASAAGGoKgHCBMUFRYaIVUkbnVsbNMJCgsMDxJXTlMua2V5c1pOUy5vYmplY3RzViRjbGFzc6INDoACgAOiEBGABIAFgAdccmVsYXRpdmVQYXRoWWFsaWFzRGF0YV8QXS4uLy4uLy4uL0dvb2dsZSBEcml2ZS9CU2NUaGVzaXMvcGFwZXJzL19zZWxlY3Rpb24vcmVtb3RlX3NlbnNpbmdfb2ZfaXJyaWdhdGVkX2FncmljdWx0dXJlLnBkZtIXCxgZV05TLmRhdGFPEQIyAAAAAAIyAAIAAAxNYWNpbnRvc2ggSEQAAAAAAAAAAAAAAAAAAADQiapaSCsAAAFHAQMfcmVtb3RlX3NlbnNpbmdfb2ZfaSMxOThCQkM5LnBkZgAAAAAAAAAAAAAAAAAAAAAAAAAAAAAAAAAAAAAAAAAAAZi7ydTGk6AAAAAAAAAAAAADAAUAAAkgAAAAAAAAAAAAAAAAAAAACl9zZWxlY3Rpb24AEAAIAADQiZxKAAAAEQAIAADUxoWQAAAAAQAYAUcBAwFGZjgBRmYuAU1E2gAJQKQAApPTAAIAZ01hY2ludG9zaCBIRDpVc2VyczoAZmVsaXg6AEdvb2dsZSBEcml2ZToAQlNjVGhlc2lzOgBwYXBlcnM6AF9zZWxlY3Rpb246AHJlbW90ZV9zZW5zaW5nX29mX2kjMTk4QkJDOS5wZGYAAA4AWAArAHIAZQBtAG8AdABlAF8AcwBlAG4AcwBpAG4AZwBfAG8AZgBfAGkAcgByAGkAZwBhAHQAZQBkAF8AYQBnAHIAaQBjAHUAbAB0AHUAcgBlAC4AcABkAGYADwAaAAwATQBhAGMAaQBuAHQAbwBzAGgAIABIAEQAEgBgVXNlcnMvZmVsaXgvR29vZ2xlIERyaXZlL0JTY1RoZXNpcy9wYXBlcnMvX3NlbGVjdGlvbi9yZW1vdGVfc2Vuc2luZ19vZl9pcnJpZ2F0ZWRfYWdyaWN1bHR1cmUucGRmABMAAS8AABUAAgAM//8AAIAG0hscHR5aJGNsYXNzbmFtZVgkY2xhc3Nlc11OU011dGFibGVEYXRhox0fIFZOU0RhdGFYTlNPYmplY3TSGxwiI1xOU0RpY3Rpb25hcnmiIiBfEA9OU0tleWVkQXJjaGl2ZXLRJidUcm9vdIABAAgAEQAaACMALQAyADcAQABGAE0AVQBgAGcAagBsAG4AcQBzAHUAdwCEAI4A7gDzAPsDMQMzAzgDQwNMA1oDXgNlA24DcwOAA4MDlQOYA50AAAAAAAACAQAAAAAAAAAoAAAAAAAAAAAAAAAAAAADnw==},
  Date-added               = {2017-05-03 21:47:24 +0000},
  Date-modified            = {2017-05-03 21:47:24 +0000},
  Doi                      = {10.3390/rs2092274},
  File                     = {:home/fzaussin/shares/users/Irrigation/Papers/Remote Sensing of Irrigated Agriculture\: Opportunities and Challenges.pdf:PDF},
  ISSN                     = {2072-4292},
  Publisher                = {MDPI AG},
  Url                      = {http://dx.doi.org/10.3390/rs2092274}
}

@Article{pereira2002irrigation,
  Title                    = {Irrigation management under water scarcity},
  Author                   = {Pereira, Luis Santos and Oweis, Theib and Zairi, Abdelaziz},
  Journal                  = {Agricultural water management},
  Year                     = {2002},
  Number                   = {3},
  Pages                    = {175--206},
  Volume                   = {57},

  Bdsk-file-1              = {YnBsaXN0MDDUAQIDBAUGJCVYJHZlcnNpb25YJG9iamVjdHNZJGFyY2hpdmVyVCR0b3ASAAGGoKgHCBMUFRYaIVUkbnVsbNMJCgsMDxJXTlMua2V5c1pOUy5vYmplY3RzViRjbGFzc6INDoACgAOiEBGABIAFgAdccmVsYXRpdmVQYXRoWWFsaWFzRGF0YV8QOC4uLy4uLy4uL0dvb2dsZSBEcml2ZS9CU2NUaGVzaXMvcGFwZXJzL19zZWxlY3Rpb24vODIucGRm0hcLGBlXTlMuZGF0YU8RAaoAAAAAAaoAAgAADE1hY2ludG9zaCBIRAAAAAAAAAAAAAAAAAAAANCJqlpIKwAAAUcBAwY4Mi5wZGYAAAAAAAAAAAAAAAAAAAAAAAAAAAAAAAAAAAAAAAAAAAAAAAAAAAAAAAAAAAAAAAAAAAAAAAAAAAABRwb81S/+AgAAAAAAAAAAAAMABQAACSAAAAAAAAAAAAAAAAAAAAAKX3NlbGVjdGlvbgAQAAgAANCJnEoAAAARAAgAANUv4eIAAAABABgBRwEDAUZmOAFGZi4BTUTaAAlApAACk9MAAgBOTWFjaW50b3NoIEhEOlVzZXJzOgBmZWxpeDoAR29vZ2xlIERyaXZlOgBCU2NUaGVzaXM6AHBhcGVyczoAX3NlbGVjdGlvbjoAODIucGRmAA4ADgAGADgAMgAuAHAAZABmAA8AGgAMAE0AYQBjAGkAbgB0AG8AcwBoACAASABEABIAO1VzZXJzL2ZlbGl4L0dvb2dsZSBEcml2ZS9CU2NUaGVzaXMvcGFwZXJzL19zZWxlY3Rpb24vODIucGRmAAATAAEvAAAVAAIADP//AACABtIbHB0eWiRjbGFzc25hbWVYJGNsYXNzZXNdTlNNdXRhYmxlRGF0YaMdHyBWTlNEYXRhWE5TT2JqZWN00hscIiNcTlNEaWN0aW9uYXJ5oiIgXxAPTlNLZXllZEFyY2hpdmVy0SYnVHJvb3SAAQAIABEAGgAjAC0AMgA3AEAARgBNAFUAYABnAGoAbABuAHEAcwB1AHcAhACOAMkAzgDWAoQChgKLApYCnwKtArECuALBAsYC0wLWAugC6wLwAAAAAAAAAgEAAAAAAAAAKAAAAAAAAAAAAAAAAAAAAvI=},
  Date-added               = {2017-05-03 21:46:24 +0000},
  Date-modified            = {2017-05-03 21:46:24 +0000},
  File                     = {:home/fzaussin/shares/users/Irrigation/Papers/Irrigation management under water scarcity.pdf:PDF},
  Publisher                = {Elsevier}
}

@Article{Pervez_2010,
  Title                    = {Mapping Irrigated Lands at 250-m Scale by Merging MODIS Data and National Agricultural Statistics},
  Author                   = {Pervez, Md Shahriar and Brown, Jesslyn F.},
  Journal                  = {Remote Sensing},
  Year                     = {2010},

  Month                    = {Oct},
  Number                   = {10},
  Pages                    = {2388--2412},
  Volume                   = {2},

  Bdsk-file-1              = {YnBsaXN0MDDUAQIDBAUGJCVYJHZlcnNpb25YJG9iamVjdHNZJGFyY2hpdmVyVCR0b3ASAAGGoKgHCBMUFRYaIVUkbnVsbNMJCgsMDxJXTlMua2V5c1pOUy5vYmplY3RzViRjbGFzc6INDoACgAOiEBGABIAFgAdccmVsYXRpdmVQYXRoWWFsaWFzRGF0YV8QTC4uLy4uLy4uL0dvb2dsZSBEcml2ZS9CU2NUaGVzaXMvcGFwZXJzL19zZWxlY3Rpb24vcmVtb3Rlc2Vuc2luZy0wMi0wMjM4OC5wZGbSFwsYGVdOUy5kYXRhTxEB+gAAAAAB+gACAAAMTWFjaW50b3NoIEhEAAAAAAAAAAAAAAAAAAAA0ImqWkgrAAABRwEDGnJlbW90ZXNlbnNpbmctMDItMDIzODgucGRmAAAAAAAAAAAAAAAAAAAAAAAAAAAAAAAAAAAAAAAAAAAAAAAAAAFP+PjUFERlAAAAAAAAAAAAAwAFAAAJIAAAAAAAAAAAAAAAAAAAAApfc2VsZWN0aW9uABAACAAA0ImcSgAAABEACAAA1BQoRQAAAAEAGAFHAQMBRmY4AUZmLgFNRNoACUCkAAKT0wACAGJNYWNpbnRvc2ggSEQ6VXNlcnM6AGZlbGl4OgBHb29nbGUgRHJpdmU6AEJTY1RoZXNpczoAcGFwZXJzOgBfc2VsZWN0aW9uOgByZW1vdGVzZW5zaW5nLTAyLTAyMzg4LnBkZgAOADYAGgByAGUAbQBvAHQAZQBzAGUAbgBzAGkAbgBnAC0AMAAyAC0AMAAyADMAOAA4AC4AcABkAGYADwAaAAwATQBhAGMAaQBuAHQAbwBzAGgAIABIAEQAEgBPVXNlcnMvZmVsaXgvR29vZ2xlIERyaXZlL0JTY1RoZXNpcy9wYXBlcnMvX3NlbGVjdGlvbi9yZW1vdGVzZW5zaW5nLTAyLTAyMzg4LnBkZgAAEwABLwAAFQACAAz//wAAgAbSGxwdHlokY2xhc3NuYW1lWCRjbGFzc2VzXU5TTXV0YWJsZURhdGGjHR8gVk5TRGF0YVhOU09iamVjdNIbHCIjXE5TRGljdGlvbmFyeaIiIF8QD05TS2V5ZWRBcmNoaXZlctEmJ1Ryb290gAEACAARABoAIwAtADIANwBAAEYATQBVAGAAZwBqAGwAbgBxAHMAdQB3AIQAjgDdAOIA6gLoAuoC7wL6AwMDEQMVAxwDJQMqAzcDOgNMA08DVAAAAAAAAAIBAAAAAAAAACgAAAAAAAAAAAAAAAAAAANW},
  Date-added               = {2017-05-03 21:46:38 +0000},
  Date-modified            = {2017-05-03 21:46:38 +0000},
  Doi                      = {10.3390/rs2102388},
  File                     = {:home/fzaussin/shares/users/Irrigation/Papers/Mapping Irrigated Lands at 250-m Scale by Merging MODIS Data and National Agricultural Statistics.pdf:PDF},
  ISSN                     = {2072-4292},
  Publisher                = {MDPI AG},
  Url                      = {http://dx.doi.org/10.3390/rs2102388}
}

@Article{Pervez2014,
  Title                    = {Mapping irrigated areas in Afghanistan over the past decade using MODIS NDVI},
  Author                   = {Pervez, Md Shahriar and Budde, Michael and Rowland, James},
  Journal                  = {Remote sensing of environment},
  Year                     = {2014},
  Pages                    = {155--165},
  Volume                   = {149},

  File                     = {:home/fzaussin/shares/users/Irrigation/Papers/Mapping irrigated areas in Afghanistan over the past decade using MODIS NDVI.pdf:PDF},
  Owner                    = {fzaussin},
  Publisher                = {Elsevier},
  Timestamp                = {2018.04.27}
}

@Article{pervez2008evaluation,
  Title                    = {Evaluation of remote sensing-based irrigated area map for the Conterminous United States},
  Author                   = {Pervez, Shahriar and Brown, Jesslyn F and Maxwell, Susan},
  Journal                  = {Proceedings of the ASPRS Pecora},
  Year                     = {2008},
  Volume                   = {17},

  Date-added               = {2017-05-03 21:45:16 +0000},
  Date-modified            = {2017-05-03 21:45:16 +0000},
  File                     = {:home/fzaussin/shares/users/Irrigation/Papers/EVALUATION OF REMOTE SENSING-BASED IRRIGATED AREA MAP FOR THE.pdf:PDF}
}

@Article{Porkka2016,
  Title                    = {Causes and trends of water scarcity in food production},
  Author                   = {Porkka, Miina and Gerten, Dieter and Schaphoff, Sibyll and Siebert, Stefan and Kummu, Matti},
  Journal                  = {Environmental Research Letters},
  Year                     = {2016},
  Number                   = {1},
  Pages                    = {015001},
  Volume                   = {11},

  File                     = {:home/fzaussin/shares/users/Irrigation/Papers/Causes and trends of water scarcity in food production.pdf:PDF},
  Owner                    = {fzaussin},
  Publisher                = {IOP Publishing},
  Timestamp                = {2018.04.27}
}

@Article{portmann2010mirca2000,
  Title                    = {MIRCA2000 - Global monthly irrigated and rainfed crop areas around the year 2000: A new high-resolution data set for agricultural and hydrological modeling},
  Author                   = {Portmann, Felix T and Siebert, Stefan and D{\"o}ll, Petra},
  Journal                  = {Global biogeochemical cycles},
  Year                     = {2010},
  Number                   = {1},
  Volume                   = {24},

  Date-added               = {2017-05-03 21:46:46 +0000},
  Date-modified            = {2018-05-03 13:24:31 +0000},
  File                     = {:home/fzaussin/shares/users/Irrigation/Papers/MIRCA2000?Global monthly irrigated and rainfed crop areas around the year 2000\: A new high?resolution data set for agricultural and hydrological modeling.pdf:PDF}
}

@Article{Pun2017,
  Title                    = {Land Use Classification: A Surface Energy Balance and Vegetation Index Application to Map and Monitor Irrigated Lands},
  Author                   = {Pun, Mahesh and Mutiibwa, Denis and Li, Ruopu},
  Journal                  = {Remote Sensing},
  Year                     = {2017},
  Number                   = {12},
  Pages                    = {1256},
  Volume                   = {9},

  File                     = {:home/fzaussin/shares/users/Irrigation/Papers/Land Use Classification\: A Surface Energy Balance and Vegetation Index Application to Map and Monitor Irrigated Lands.pdf:PDF},
  Owner                    = {fzaussin},
  Publisher                = {Multidisciplinary Digital Publishing Institute},
  Timestamp                = {2018.04.27}
}

@Article{Qiu2016,
  Title                    = {Comparison of temporal trends from multiple soil moisture data sets and precipitation: The implication of irrigation on regional soil moisture trend},
  Author                   = {Qiu, Jianxiu and Gao, Quanzhou and Wang, Sheng and Su, Zhenrong},
  Journal                  = {International journal of applied earth observation and geoinformation},
  Year                     = {2016},
  Pages                    = {17--27},
  Volume                   = {48},

  File                     = {:home/fzaussin/shares/users/Irrigation/Papers/Comparison of temporal trends from multiple soil moisture data sets and precipitation\: The implication of irrigation on regional soil moisture trend.pdf:PDF},
  Owner                    = {fzaussin},
  Publisher                = {Elsevier},
  Timestamp                = {2018.04.26}
}

@Article{Reichle2017a,
  Title                    = {Assessment of MERRA-2 land surface hydrology estimates},
  Author                   = {Reichle, Rolf H and Draper, Clara S and Liu, Qing and Girotto, Manuela and Mahanama, Sarith PP and Koster, Randal D and De Lannoy, Gabrielle JM},
  Journal                  = {Journal of Climate},
  Year                     = {2017},
  Number                   = {8},
  Pages                    = {2937--2960},
  Volume                   = {30},

  Bdsk-url-1               = {https://journals.ametsoc.org/doi/abs/10.1175/JCLI-D-16-0720.1},
  File                     = {:home/fzaussin/shares/users/Irrigation/Papers/Assessment of MERRA-2 Land Surface Hydrology Estimates.pdf:PDF},
  Owner                    = {fzaussin},
  Timestamp                = {2018.04.27},
  Url                      = {https://journals.ametsoc.org/doi/abs/10.1175/JCLI-D-16-0720.1}
}

@Article{Reichle2017,
  Title                    = {Land surface precipitation in MERRA-2},
  Author                   = {Reichle, Rolf H and Liu, Q and Koster, Randal D and Draper, Clara S and Mahanama, Sarith PP and Partyka, Gary S},
  Journal                  = {Journal of Climate},
  Year                     = {2017},
  Number                   = {5},
  Pages                    = {1643--1664},
  Volume                   = {30},

  Bdsk-url-1               = {https://journals.ametsoc.org/doi/abs/10.1175/JCLI-D-16-0570.1},
  Bdsk-url-2               = {https://doi.org/10.1175/JCLI-D-16-0570.1},
  Doi                      = {https://doi.org/10.1175/JCLI-D-16-0570.1},
  File                     = {:home/fzaussin/shares/users/Irrigation/Papers/Land Surface Precipitation in MERRA-2.pdf:PDF},
  Owner                    = {fzaussin},
  Timestamp                = {2018.04.27},
  Url                      = {https://journals.ametsoc.org/doi/abs/10.1175/JCLI-D-16-0570.1}
}

@Article{Rijsberman_2006,
  Title                    = {Water scarcity: Fact or fiction?},
  Author                   = {Rijsberman, Frank R.},
  Journal                  = {Agricultural Water Management},
  Year                     = {2006},

  Month                    = {Feb},
  Number                   = {1-3},
  Pages                    = {5--22},
  Volume                   = {80},

  Bdsk-url-1               = {https://doi.org/10.1016/j.agwat.2005.07.001},
  Date-added               = {2017-05-25 16:46:35 +0000},
  Date-modified            = {2017-05-25 16:46:35 +0000},
  Doi                      = {10.1016/j.agwat.2005.07.001},
  File                     = {:home/fzaussin/shares/users/Irrigation/Papers/Water scarcity\: Fact or fiction?.pdf:PDF},
  ISSN                     = {0378-3774},
  Publisher                = {Elsevier BV},
  Url                      = {http://dx.doi.org/10.1016/j.agwat.2005.07.001}
}

@Article{Rockstroem2012,
  Title                    = {The planetary water drama: Dual task of feeding humanity and curbing climate change},
  Author                   = {Rockstr{\"o}m, J and Falkenmark, M and Lannerstad, M and Karlberg, L},
  Journal                  = {Geophysical Research Letters},
  Year                     = {2012},
  Number                   = {15},
  Volume                   = {39},

  File                     = {:home/fzaussin/shares/users/Irrigation/Papers/The planetary water drama\: Dual task of feeding humanity and curbing climate change.pdf:PDF},
  Owner                    = {fzaussin},
  Publisher                = {Wiley Online Library},
  Timestamp                = {2018.04.27}
}

@Article{Rodell_2004,
  Title                    = {The Global Land Data Assimilation System},
  Author                   = {Rodell, M. and Houser, P. R. and Jambor, U. and Gottschalck, J. and Mitchell, K. and Meng, C-J. and Arsenault, K. and Cosgrove, B. and Radakovich, J. and Bosilovich, M. and et al.},
  Journal                  = {Bulletin of the American Meteorological Society},
  Year                     = {2004},

  Month                    = {Mar},
  Number                   = {3},
  Pages                    = {381--394},
  Volume                   = {85},

  Bdsk-url-1               = {http://dx.doi.org/10.1175/BAMS-85-3-381},
  Date-added               = {2017-05-25 18:27:28 +0000},
  Date-modified            = {2017-05-25 18:27:28 +0000},
  Doi                      = {10.1175/bams-85-3-381},
  File                     = {:home/fzaussin/shares/users/Irrigation/Papers/The Global Land Data Assimilation System.pdf:PDF},
  ISSN                     = {1520-0477},
  Publisher                = {American Meteorological Society},
  Url                      = {http://dx.doi.org/10.1175/BAMS-85-3-381}
}

@Article{Romaguera_2010,
  Title                    = {Potential of Using Remote Sensing Techniques for Global Assessment of Water Footprint of Crops},
  Author                   = {Romaguera, Mireia and Hoekstra, Arjen Y. and Su, Zhongbo and Krol, Maarten S. and Salama, Mhd. Suhyb},
  Journal                  = {Remote Sensing},
  Year                     = {2010},

  Month                    = {Apr},
  Number                   = {4},
  Pages                    = {1177--1196},
  Volume                   = {2},

  Bdsk-file-1              = {YnBsaXN0MDDUAQIDBAUGJCVYJHZlcnNpb25YJG9iamVjdHNZJGFyY2hpdmVyVCR0b3ASAAGGoKgHCBMUFRYaIVUkbnVsbNMJCgsMDxJXTlMua2V5c1pOUy5vYmplY3RzViRjbGFzc6INDoACgAOiEBGABIAFgAdccmVsYXRpdmVQYXRoWWFsaWFzRGF0YV8QVC4uLy4uLy4uL0dvb2dsZSBEcml2ZS9CU2NUaGVzaXMvcGFwZXJzL19zZWxlY3Rpb24vcmVtb3RlX3NlbnNpbmdfd2F0ZXJfZm9vdHByaW50LnBkZtIXCxgZV05TLmRhdGFPEQIYAAAAAAIYAAIAAAxNYWNpbnRvc2ggSEQAAAAAAAAAAAAAAAAAAADQiapaSCsAAAFHAQMfcmVtb3RlX3NlbnNpbmdfd2F0ZSMxNDY2NkUyLnBkZgAAAAAAAAAAAAAAAAAAAAAAAAAAAAAAAAAAAAAAAAAAAUZm4tTGkzQAAAAAAAAAAAADAAUAAAkgAAAAAAAAAAAAAAAAAAAACl9zZWxlY3Rpb24AEAAIAADQiZxKAAAAEQAIAADUxoUkAAAAAQAYAUcBAwFGZjgBRmYuAU1E2gAJQKQAApPTAAIAZ01hY2ludG9zaCBIRDpVc2VyczoAZmVsaXg6AEdvb2dsZSBEcml2ZToAQlNjVGhlc2lzOgBwYXBlcnM6AF9zZWxlY3Rpb246AHJlbW90ZV9zZW5zaW5nX3dhdGUjMTQ2NjZFMi5wZGYAAA4ARgAiAHIAZQBtAG8AdABlAF8AcwBlAG4AcwBpAG4AZwBfAHcAYQB0AGUAcgBfAGYAbwBvAHQAcAByAGkAbgB0AC4AcABkAGYADwAaAAwATQBhAGMAaQBuAHQAbwBzAGgAIABIAEQAEgBXVXNlcnMvZmVsaXgvR29vZ2xlIERyaXZlL0JTY1RoZXNpcy9wYXBlcnMvX3NlbGVjdGlvbi9yZW1vdGVfc2Vuc2luZ193YXRlcl9mb290cHJpbnQucGRmAAATAAEvAAAVAAIADP//AACABtIbHB0eWiRjbGFzc25hbWVYJGNsYXNzZXNdTlNNdXRhYmxlRGF0YaMdHyBWTlNEYXRhWE5TT2JqZWN00hscIiNcTlNEaWN0aW9uYXJ5oiIgXxAPTlNLZXllZEFyY2hpdmVy0SYnVHJvb3SAAQAIABEAGgAjAC0AMgA3AEAARgBNAFUAYABnAGoAbABuAHEAcwB1AHcAhACOAOUA6gDyAw4DEAMVAyADKQM3AzsDQgNLA1ADXQNgA3IDdQN6AAAAAAAAAgEAAAAAAAAAKAAAAAAAAAAAAAAAAAAAA3w=},
  Date-added               = {2017-05-03 21:47:10 +0000},
  Date-modified            = {2017-05-03 21:47:10 +0000},
  Doi                      = {10.3390/rs2041177},
  File                     = {:home/fzaussin/shares/users/Irrigation/Papers/Potential of Using Remote Sensing Techniques for Global Assessment of Water Footprint of Crops.pdf:PDF},
  ISSN                     = {2072-4292},
  Publisher                = {MDPI AG},
  Url                      = {http://dx.doi.org/10.3390/rs2041177}
}

@Article{rosenzweig2001climate,
  Title                    = {Climate change and extreme weather events; implications for food production, plant diseases, and pests},
  Author                   = {Rosenzweig, Cynthia and Iglesias, Ana and Yang, XB and Epstein, Paul R and Chivian, Eric},
  Journal                  = {Global change \& human health},
  Year                     = {2001},
  Number                   = {2},
  Pages                    = {90--104},
  Volume                   = {2},

  Date-added               = {2017-05-25 16:55:39 +0000},
  Date-modified            = {2017-05-25 16:55:39 +0000},
  File                     = {:home/fzaussin/shares/users/Irrigation/Papers/Climate change and extreme weather events - Implications for food.pdf:PDF},
  Publisher                = {Springer}
}

@Article{sacks-2009,
  Title                    = {Effects of global irrigation on the near-surface climate},
  Author                   = {Sacks, William J. and Cook, Benjamin I. and Buenning, Nikolaus and Levis, Samuel and Helkowski, Joseph H.},
  Journal                  = {Climate Dynamics},
  Year                     = {2009},
  Number                   = {2},
  Pages                    = {159--175},
  Volume                   = {33},

  Abstract                 = {Irrigation delivers about 2,600 km3 of water to the land surface each year, or about 2{\%} of annual precipitation over land. We investigated how this redistribution of water affects the global climate, focusing on its effects on near-surface temperatures. Using the Community Atmosphere Model (CAM) coupled to the Community Land Model (CLM), we compared global simulations with and without irrigation. To approximate actual irrigation amounts and locations as closely as possible, we used national-level census data of agricultural water withdrawals, disaggregated with maps of croplands, areas equipped for irrigation, and climatic water deficits. We further investigated the sensitivity of our results to the timing and spatial extent of irrigation. We found that irrigation alters climate significantly in some regions, but has a negligible effect on global-average near-surface temperatures. Irrigation cooled the northern mid-latitudes; the central and southeast United States, portions of southeast China and portions of southern and southeast Asia cooled by {\textasciitilde}0.5 K averaged over the year. Much of northern Canada, on the other hand, warmed by {\textasciitilde}1 K. The cooling effect of irrigation seemed to be dominated by indirect effects like an increase in cloud cover, rather than by direct evaporative cooling. The regional effects of irrigation were as large as those seen in previous studies of land cover change, showing that changes in land management can be as important as changes in land cover in terms of their climatic effects. Our results were sensitive to the area of irrigation, but were insensitive to the details of irrigation timing and delivery.},
  Bdsk-url-1               = {http://dx.doi.org/10.1007/s00382-008-0445-z},
  Date-added               = {2017-05-25 16:41:21 +0000},
  Date-modified            = {2017-05-25 16:41:26 +0000},
  Doi                      = {10.1007/s00382-008-0445-z},
  File                     = {:home/fzaussin/shares/users/Irrigation/Papers/Effects of global irrigation on the near-surface climate.pdf:PDF},
  ISSN                     = {1432-0894},
  Url                      = {http://dx.doi.org/10.1007/s00382-008-0445-z}
}

@Article{Salmon2015,
  Title                    = {Global rain-fed, irrigated, and paddy croplands: A new high resolution map derived from remote sensing, crop inventories and climate data},
  Author                   = {Salmon, J Meghan and Friedl, Mark A and Frolking, Steve and Wisser, Dominik and Douglas, Ellen M},
  Journal                  = {International Journal of Applied Earth Observation and Geoinformation},
  Year                     = {2015},
  Pages                    = {321--334},
  Volume                   = {38},

  File                     = {:home/fzaussin/shares/users/Irrigation/Papers/Global rain-fed, irrigated, and paddy croplands\: A new high resolution map derived from remote sensing, crop inventories and climate data.pdf:PDF},
  Owner                    = {fzaussin},
  Publisher                = {Elsevier},
  Timestamp                = {2018.04.27}
}

@Article{SantaOlalla2003,
  Title                    = {Monitoring irrigation water use by combining Irrigation Advisory Service, and remotely sensed data with a geographic information system},
  Author                   = {de Santa Olalla, F Mart{\i}?n and Calera, A and Dom{\i}nguez, A},
  Journal                  = {Agricultural Water Management},
  Year                     = {2003},
  Number                   = {2},
  Pages                    = {111--124},
  Volume                   = {61},

  File                     = {:home/fzaussin/shares/users/Irrigation/Papers/Monitoring irrigation water use by combining Irrigation Advisory Service, and remotely sensed data with a geographic information system.pdf:PDF},
  Owner                    = {fzaussin},
  Publisher                = {Elsevier},
  Timestamp                = {2018.04.27}
}

@Article{Shiklomanov2000,
  Title                    = {Appraisal and assessment of world water resources},
  Author                   = {Shiklomanov, Igor A},
  Journal                  = {Water international},
  Year                     = {2000},
  Number                   = {1},
  Pages                    = {11--32},
  Volume                   = {25},

  __markedentry            = {[fzaussin:]},
  Owner                    = {fzaussin},
  Publisher                = {Taylor \& Francis},
  Timestamp                = {2018.05.04}
}

@Article{Siebert2010,
  Title                    = {Groundwater use for irrigation - a global inventory},
  Author                   = {Siebert, S. and Burke, J. and Faures, J. M. and Frenken, K. and Hoogeveen, J. and D\"oll, P. and Portmann, F. T.},
  Journal                  = {Hydrology and Earth System Sciences},
  Year                     = {2010},
  Number                   = {10},
  Pages                    = {1863--1880},
  Volume                   = {14},

  Bdsk-url-1               = {https://www.hydrol-earth-syst-sci.net/14/1863/2010/},
  Bdsk-url-2               = {http://dx.doi.org/10.5194/hess-14-1863-2010},
  Doi                      = {10.5194/hess-14-1863-2010},
  File                     = {:home/fzaussin/shares/users/Irrigation/Papers/Groundwater use for irrigation ? a global inventory.pdf:PDF},
  Owner                    = {fzaussin},
  Timestamp                = {2018.04.26},
  Url                      = {https://www.hydrol-earth-syst-sci.net/14/1863/2010/}
}

@Article{Siebert2007,
  Title                    = {Global map of irrigation areas version 4.0. 1},
  Author                   = {Siebert, Stefan and D{\"o}ll, Petra and Feick, Sebastian and Hoogeveen, Jippe and Frenken, Karen},
  Journal                  = {Johann Wolfgang Goethe University, Frankfurt am Main, Germany/Food and Agriculture Organization of the United Nations, Rome, Italy},
  Year                     = {2007},

  Owner                    = {fzaussin},
  Timestamp                = {2018.05.04}
}

@Article{siebert-2005,
  Title                    = {Development and validation of the global map of irrigation areas},
  Author                   = {Siebert, S. and D\"oll, P. and Hoogeveen, J. and Faures, J.-M. and Frenken, K. and Feick, S.},
  Journal                  = {Hydrology and Earth System Sciences},
  Year                     = {2005},
  Number                   = {5},
  Pages                    = {535--547},
  Volume                   = {9},

  Bdsk-file-1              = {YnBsaXN0MDDUAQIDBAUGJCVYJHZlcnNpb25YJG9iamVjdHNZJGFyY2hpdmVyVCR0b3ASAAGGoKgHCBMUFRYaIVUkbnVsbNMJCgsMDxJXTlMua2V5c1pOUy5vYmplY3RzViRjbGFzc6INDoACgAOiEBGABIAFgAdccmVsYXRpdmVQYXRoWWFsaWFzRGF0YV8QRS4uLy4uLy4uL0dvb2dsZSBEcml2ZS9CU2NUaGVzaXMvcGFwZXJzL19zZWxlY3Rpb24vaGVzcy05LTUzNS0yMDA1LnBkZtIXCxgZV05TLmRhdGFPEQHeAAAAAAHeAAIAAAxNYWNpbnRvc2ggSEQAAAAAAAAAAAAAAAAAAADQiapaSCsAAAFHAQMTaGVzcy05LTUzNS0yMDA1LnBkZgAAAAAAAAAAAAAAAAAAAAAAAAAAAAAAAAAAAAAAAAAAAAAAAAAAAAAAAAAAAU/pEdVLgNEAAAAAAAAAAAADAAUAAAkgAAAAAAAAAAAAAAAAAAAACl9zZWxlY3Rpb24AEAAIAADQiZxKAAAAEQAIAADVS2SxAAAAAQAYAUcBAwFGZjgBRmYuAU1E2gAJQKQAApPTAAIAW01hY2ludG9zaCBIRDpVc2VyczoAZmVsaXg6AEdvb2dsZSBEcml2ZToAQlNjVGhlc2lzOgBwYXBlcnM6AF9zZWxlY3Rpb246AGhlc3MtOS01MzUtMjAwNS5wZGYAAA4AKAATAGgAZQBzAHMALQA5AC0ANQAzADUALQAyADAAMAA1AC4AcABkAGYADwAaAAwATQBhAGMAaQBuAHQAbwBzAGgAIABIAEQAEgBIVXNlcnMvZmVsaXgvR29vZ2xlIERyaXZlL0JTY1RoZXNpcy9wYXBlcnMvX3NlbGVjdGlvbi9oZXNzLTktNTM1LTIwMDUucGRmABMAAS8AABUAAgAM//8AAIAG0hscHR5aJGNsYXNzbmFtZVgkY2xhc3Nlc11OU011dGFibGVEYXRhox0fIFZOU0RhdGFYTlNPYmplY3TSGxwiI1xOU0RpY3Rpb25hcnmiIiBfEA9OU0tleWVkQXJjaGl2ZXLRJidUcm9vdIABAAgAEQAaACMALQAyADcAQABGAE0AVQBgAGcAagBsAG4AcQBzAHUAdwCEAI4A1gDbAOMCxQLHAswC1wLgAu4C8gL5AwIDBwMUAxcDKQMsAzEAAAAAAAACAQAAAAAAAAAoAAAAAAAAAAAAAAAAAAADMw==},
  Bdsk-url-1               = {http://www.hydrol-earth-syst-sci.net/9/535/2005/},
  Bdsk-url-2               = {http://dx.doi.org/10.5194/hess-9-535-2005},
  Date-added               = {2017-05-24 16:25:50 +0000},
  Date-modified            = {2017-05-24 16:25:50 +0000},
  Doi                      = {10.5194/hess-9-535-2005},
  File                     = {:home/fzaussin/shares/users/Irrigation/Papers/Development and validation of the global map of irrigated areas.pdf:PDF},
  Url                      = {http://www.hydrol-earth-syst-sci.net/9/535/2005/}
}

@Article{Siebert2015,
  Title                    = {A global data set of the extent of irrigated land from 1900 to 2005},
  Author                   = {Siebert, Stefan and Kummu, Matti and Porkka, Miina and D{\"o}ll, Petra and Ramankutty, Navin and Scanlon, Bridget R},
  Journal                  = {Hydrology and Earth System Sciences},
  Year                     = {2015},
  Number                   = {3},
  Pages                    = {1521--1545},
  Volume                   = {19},

  File                     = {:home/fzaussin/shares/users/Irrigation/Papers/A global data set of the extent of irrigated land from 1900 to 2005.pdf:PDF},
  Owner                    = {fzaussin},
  Publisher                = {Copernicus GmbH},
  Timestamp                = {2018.04.27}
}

@Article{Siebert_2010_2,
  Title                    = {Global Patterns of Cropland Use Intensity},
  Author                   = {Siebert, Stefan and Portmann, Felix T. and D{\"o}ll, Petra},
  Journal                  = {Remote Sensing},
  Year                     = {2010},

  Month                    = {Jun},
  Number                   = {7},
  Pages                    = {1625--1643},
  Volume                   = {2},

  Bdsk-file-1              = {YnBsaXN0MDDUAQIDBAUGJCVYJHZlcnNpb25YJG9iamVjdHNZJGFyY2hpdmVyVCR0b3ASAAGGoKgHCBMUFRYaIVUkbnVsbNMJCgsMDxJXTlMua2V5c1pOUy5vYmplY3RzViRjbGFzc6INDoACgAOiEBGABIAFgAdccmVsYXRpdmVQYXRoWWFsaWFzRGF0YV8QTC4uLy4uLy4uL0dvb2dsZSBEcml2ZS9CU2NUaGVzaXMvcGFwZXJzL19zZWxlY3Rpb24vcmVtb3Rlc2Vuc2luZy0wMi0wMTYyNS5wZGbSFwsYGVdOUy5kYXRhTxEB+gAAAAAB+gACAAAMTWFjaW50b3NoIEhEAAAAAAAAAAAAAAAAAAAA0ImqWkgrAAABRwEDGnJlbW90ZXNlbnNpbmctMDItMDE2MjUucGRmAAAAAAAAAAAAAAAAAAAAAAAAAAAAAAAAAAAAAAAAAAAAAAAAAAFGZuTUxpOsAAAAAAAAAAAAAwAFAAAJIAAAAAAAAAAAAAAAAAAAAApfc2VsZWN0aW9uABAACAAA0ImcSgAAABEACAAA1MaFnAAAAAEAGAFHAQMBRmY4AUZmLgFNRNoACUCkAAKT0wACAGJNYWNpbnRvc2ggSEQ6VXNlcnM6AGZlbGl4OgBHb29nbGUgRHJpdmU6AEJTY1RoZXNpczoAcGFwZXJzOgBfc2VsZWN0aW9uOgByZW1vdGVzZW5zaW5nLTAyLTAxNjI1LnBkZgAOADYAGgByAGUAbQBvAHQAZQBzAGUAbgBzAGkAbgBnAC0AMAAyAC0AMAAxADYAMgA1AC4AcABkAGYADwAaAAwATQBhAGMAaQBuAHQAbwBzAGgAIABIAEQAEgBPVXNlcnMvZmVsaXgvR29vZ2xlIERyaXZlL0JTY1RoZXNpcy9wYXBlcnMvX3NlbGVjdGlvbi9yZW1vdGVzZW5zaW5nLTAyLTAxNjI1LnBkZgAAEwABLwAAFQACAAz//wAAgAbSGxwdHlokY2xhc3NuYW1lWCRjbGFzc2VzXU5TTXV0YWJsZURhdGGjHR8gVk5TRGF0YVhOU09iamVjdNIbHCIjXE5TRGljdGlvbmFyeaIiIF8QD05TS2V5ZWRBcmNoaXZlctEmJ1Ryb290gAEACAARABoAIwAtADIANwBAAEYATQBVAGAAZwBqAGwAbgBxAHMAdQB3AIQAjgDdAOIA6gLoAuoC7wL6AwMDEQMVAxwDJQMqAzcDOgNMA08DVAAAAAAAAAIBAAAAAAAAACgAAAAAAAAAAAAAAAAAAANW},
  Date-added               = {2017-05-03 21:45:43 +0000},
  Date-modified            = {2017-05-03 21:45:43 +0000},
  Doi                      = {10.3390/rs2071625},
  File                     = {:home/fzaussin/shares/users/Irrigation/Papers/Global Patterns of Cropland Use Intensity.pdf:PDF},
  ISSN                     = {2072-4292},
  Publisher                = {MDPI AG},
  Url                      = {http://dx.doi.org/10.3390/rs2071625}
}

@Article{Singh2017,
  Title                    = {Discerning shifting irrigation practices from passive microwave radiometry over Punjab and Haryana},
  Author                   = {Singh, Dharmendra and Gupta, PK and Pradhan, R and Dubey, AK and Singh, RP},
  Journal                  = {Journal of Water and Climate Change},
  Year                     = {2017},
  Number                   = {2},
  Pages                    = {303--319},
  Volume                   = {8},

  Bdsk-url-1               = {http://jwcc.iwaponline.com/content/8/2/303},
  Owner                    = {fzaussin},
  Publisher                = {IWA Publishing},
  Timestamp                = {2018.04.27},
  Url                      = {http://jwcc.iwaponline.com/content/8/2/303}
}

@Article{taylor-2012,
  Title                    = {Ground water and climate change},
  Author                   = {Taylor, Richard G. and Scanlon, Bridget and D{\"o}ll, Petra and Rodell, Matt and van Beek, Rens and Wada, Yoshihide and Longuevergne, Laurent and Leblanc, Marc and Famiglietti, James S. and Edmunds, Mike and et al.},
  Journal                  = {Nature Climate Change},
  Year                     = {2012},

  Month                    = {Nov},
  Number                   = {4},
  Pages                    = {322--329},
  Volume                   = {3},

  Bdsk-file-1              = {YnBsaXN0MDDUAQIDBAUGJCVYJHZlcnNpb25YJG9iamVjdHNZJGFyY2hpdmVyVCR0b3ASAAGGoKgHCBMUFRYaIVUkbnVsbNMJCgsMDxJXTlMua2V5c1pOUy5vYmplY3RzViRjbGFzc6INDoACgAOiEBGABIAFgAdccmVsYXRpdmVQYXRoWWFsaWFzRGF0YV8QQS4uLy4uLy4uL0dvb2dsZSBEcml2ZS9CU2NUaGVzaXMvcGFwZXJzL19zZWxlY3Rpb24vMjAxNDAwMDY2MDkucGRm0hcLGBlXTlMuZGF0YU8RAc4AAAAAAc4AAgAADE1hY2ludG9zaCBIRAAAAAAAAAAAAAAAAAAAANCJqlpIKwAAAUcBAw8yMDE0MDAwNjYwOS5wZGYAAAAAAAAAAAAAAAAAAAAAAAAAAAAAAAAAAAAAAAAAAAAAAAAAAAAAAAAAAAAAAAABRw/61TAGNwAAAAAAAAAAAAMABQAACSAAAAAAAAAAAAAAAAAAAAAKX3NlbGVjdGlvbgAQAAgAANCJnEoAAAARAAgAANUv6hcAAAABABgBRwEDAUZmOAFGZi4BTUTaAAlApAACk9MAAgBXTWFjaW50b3NoIEhEOlVzZXJzOgBmZWxpeDoAR29vZ2xlIERyaXZlOgBCU2NUaGVzaXM6AHBhcGVyczoAX3NlbGVjdGlvbjoAMjAxNDAwMDY2MDkucGRmAAAOACAADwAyADAAMQA0ADAAMAAwADYANgAwADkALgBwAGQAZgAPABoADABNAGEAYwBpAG4AdABvAHMAaAAgAEgARAASAERVc2Vycy9mZWxpeC9Hb29nbGUgRHJpdmUvQlNjVGhlc2lzL3BhcGVycy9fc2VsZWN0aW9uLzIwMTQwMDA2NjA5LnBkZgATAAEvAAAVAAIADP//AACABtIbHB0eWiRjbGFzc25hbWVYJGNsYXNzZXNdTlNNdXRhYmxlRGF0YaMdHyBWTlNEYXRhWE5TT2JqZWN00hscIiNcTlNEaWN0aW9uYXJ5oiIgXxAPTlNLZXllZEFyY2hpdmVy0SYnVHJvb3SAAQAIABEAGgAjAC0AMgA3AEAARgBNAFUAYABnAGoAbABuAHEAcwB1AHcAhACOANIA1wDfArECswK4AsMCzALaAt4C5QLuAvMDAAMDAxUDGAMdAAAAAAAAAgEAAAAAAAAAKAAAAAAAAAAAAAAAAAAAAx8=},
  Date-added               = {2017-05-03 21:45:53 +0000},
  Date-modified            = {2017-05-25 16:32:23 +0000},
  Doi                      = {10.1038/nclimate1744},
  File                     = {:home/fzaussin/shares/users/Irrigation/Papers/Ground water and climate change.pdf:PDF},
  ISSN                     = {1758-6798},
  Publisher                = {Springer Nature},
  Url                      = {http://dx.doi.org/10.1038/NCLIMATE1744}
}

@Article{Teluguntla2017,
  Title                    = {Spectral matching techniques (SMTs) and automated cropland classification algorithms (ACCAs) for mapping croplands of Australia using MODIS 250-m time-series (2000-2015) data},
  Author                   = {Teluguntla, Pardhasaradhi and Thenkabail, Prasad S and Xiong, Jun and Gumma, Murali Krishna and Congalton, Russell G and Oliphant, Adam and Poehnelt, Justin and Yadav, Kamini and Rao, Mahesh and Massey, Richard},
  Journal                  = {International Journal of Digital Earth},
  Year                     = {2017},
  Number                   = {9},
  Pages                    = {944--977},
  Volume                   = {10},

  File                     = {:home/fzaussin/shares/users/Irrigation/Papers/Spectral matching techniques (SMTs) and automated cropland classification algorithms (ACCAs) for mapping croplands of Australia using MODIS 250-m time-series (2000-2015) data.pdf:PDF},
  Owner                    = {fzaussin},
  Publisher                = {Taylor \& Francis},
  Timestamp                = {2018.04.27}
}

@Article{Thenkabail2009,
  Title                    = {Global irrigated area map (GIAM), derived from remote sensing, for the end of the last millennium},
  Author                   = {Thenkabail, Prasad S and Biradar, Chandrashekhar M and Noojipady, Praveen and Dheeravath, Venkateswarlu and Li, Yuanjie and Velpuri, Manohar and Gumma, Muralikrishna and Gangalakunta, Obi Reddy P and Turral, Hugh and Cai, Xueliang and others},
  Journal                  = {International Journal of Remote Sensing},
  Year                     = {2009},
  Number                   = {14},
  Pages                    = {3679--3733},
  Volume                   = {30},

  File                     = {:home/fzaussin/shares/users/Irrigation/Papers/Global irrigated area map GIAM derived from remote sensing for the end of the last millennium.pdf:PDF},
  Owner                    = {fzaussin},
  Publisher                = {Taylor \& Francis},
  Timestamp                = {2018.04.26}
}

@Article{thiery2017present,
  Title                    = {Present-day irrigation mitigates heat extremes},
  Author                   = {Thiery, Wim and Davin, Edouard L and Lawrence, David M and Hirsch, Annette L and Hauser, Mathias and Seneviratne, Sonia I},
  Journal                  = {Journal of Geophysical Research: Atmospheres},
  Year                     = {2017},
  Number                   = {3},
  Pages                    = {1403--1422},
  Volume                   = {122},

  Bdsk-file-1              = {YnBsaXN0MDDUAQIDBAUGJCVYJHZlcnNpb25YJG9iamVjdHNZJGFyY2hpdmVyVCR0b3ASAAGGoKgHCBMUFRYaIVUkbnVsbNMJCgsMDxJXTlMua2V5c1pOUy5vYmplY3RzViRjbGFzc6INDoACgAOiEBGABIAFgAdccmVsYXRpdmVQYXRoWWFsaWFzRGF0YV8QdC4uLy4uLy4uL0dvb2dsZSBEcml2ZS9CU2NUaGVzaXMvcGFwZXJzL19zZWxlY3Rpb24vVGhpZXJ5X2V0X2FsLTIwMTctSm91cm5hbF9vZl9HZW9waHlzaWNhbF9SZXNlYXJjaC1fQXRtb3NwaGVyZXMucGRm0hcLGBlXTlMuZGF0YU8RAngAAAAAAngAAgAADE1hY2ludG9zaCBIRAAAAAAAAAAAAAAAAAAAANCJqlpIKwAAAUcBAx9UaGllcnlfZXRfYWwtMjAxNy1KIzE0NjY2RTUucGRmAAAAAAAAAAAAAAAAAAAAAAAAAAAAAAAAAAAAAAAAAAABRmbl1MaSXgAAAAAAAAAAAAMABQAACSAAAAAAAAAAAAAAAAAAAAAKX3NlbGVjdGlvbgAQAAgAANCJnEoAAAARAAgAANTGhE4AAAABABgBRwEDAUZmOAFGZi4BTUTaAAlApAACk9MAAgBnTWFjaW50b3NoIEhEOlVzZXJzOgBmZWxpeDoAR29vZ2xlIERyaXZlOgBCU2NUaGVzaXM6AHBhcGVyczoAX3NlbGVjdGlvbjoAVGhpZXJ5X2V0X2FsLTIwMTctSiMxNDY2NkU1LnBkZgAADgCGAEIAVABoAGkAZQByAHkAXwBlAHQAXwBhAGwALQAyADAAMQA3AC0ASgBvAHUAcgBuAGEAbABfAG8AZgBfAEcAZQBvAHAAaAB5AHMAaQBjAGEAbABfAFIAZQBzAGUAYQByAGMAaAAtAF8AQQB0AG0AbwBzAHAAaABlAHIAZQBzAC4AcABkAGYADwAaAAwATQBhAGMAaQBuAHQAbwBzAGgAIABIAEQAEgB3VXNlcnMvZmVsaXgvR29vZ2xlIERyaXZlL0JTY1RoZXNpcy9wYXBlcnMvX3NlbGVjdGlvbi9UaGllcnlfZXRfYWwtMjAxNy1Kb3VybmFsX29mX0dlb3BoeXNpY2FsX1Jlc2VhcmNoLV9BdG1vc3BoZXJlcy5wZGYAABMAAS8AABUAAgAM//8AAIAG0hscHR5aJGNsYXNzbmFtZVgkY2xhc3Nlc11OU011dGFibGVEYXRhox0fIFZOU0RhdGFYTlNPYmplY3TSGxwiI1xOU0RpY3Rpb25hcnmiIiBfEA9OU0tleWVkQXJjaGl2ZXLRJidUcm9vdIABAAgAEQAaACMALQAyADcAQABGAE0AVQBgAGcAagBsAG4AcQBzAHUAdwCEAI4BBQEKARIDjgOQA5UDoAOpA7cDuwPCA8sD0APdA+AD8gP1A/oAAAAAAAACAQAAAAAAAAAoAAAAAAAAAAAAAAAAAAAD/A==},
  Date-added               = {2017-05-03 21:47:17 +0000},
  Date-modified            = {2017-05-03 21:47:17 +0000},
  File                     = {:home/fzaussin/shares/users/Irrigation/Papers/Present-day irrigation mitigates heat extremes.pdf:PDF},
  Publisher                = {John Wiley \& Sons, Ltd}
}

@Article{Tuinenburg2017,
  Title                    = {Irrigation Patterns Resemble ERA-Interim Reanalysis Soil Moisture Additions},
  Author                   = {Tuinenburg, OA and Vries, JPR},
  Journal                  = {Geophysical Research Letters},
  Year                     = {2017},
  Number                   = {20},
  Volume                   = {44},

  File                     = {:home/fzaussin/shares/users/Irrigation/Papers/Irrigation Patterns Resemble ERA-Interim Reanalysis Soil Moisture Additions.pdf:PDF},
  Owner                    = {fzaussin},
  Publisher                = {Wiley Online Library},
  Timestamp                = {2018.04.26}
}

@Article{Voeroesmarty2000,
  Title                    = {Global water resources: vulnerability from climate change and population growth},
  Author                   = {V{\"o}r{\"o}smarty, Charles J and Green, Pamela and Salisbury, Joseph and Lammers, Richard B},
  Journal                  = {science},
  Year                     = {2000},
  Number                   = {5477},
  Pages                    = {284--288},
  Volume                   = {289},

  File                     = {:home/fzaussin/shares/users/Irrigation/Papers/Global water resources\: vulnerability from climate change and population growth.pdf:PDF},
  Owner                    = {fzaussin},
  Publisher                = {American Association for the Advancement of Science},
  Timestamp                = {2018.04.27}
}

@Article{Vreugdenhil2016,
  Title                    = {Analyzing the vegetation parameterization in the TU-Wien ASCAT soil moisture retrieval},
  Author                   = {Vreugdenhil, Mariette and Dorigo, Wouter A and Wagner, Wolfgang and De Jeu, Richard AM and Hahn, Sebastian and Van Marle, Margreet JE},
  Journal                  = {IEEE Transactions on Geoscience and Remote Sensing},
  Year                     = {2016},
  Number                   = {6},
  Pages                    = {3513--3531},
  Volume                   = {54},

  File                     = {:home/fzaussin/shares/users/Irrigation/Papers/Analyzing the vegetation parameterization in the TU-Wien ASCAT soil moisture retrieval.pdf:PDF},
  Owner                    = {fzaussin},
  Publisher                = {IEEE},
  Timestamp                = {2018.04.27}
}

@Article{Wada2014,
  Title                    = {Global modeling of withdrawal, allocation and consumptive use of surface water and groundwater resources},
  Author                   = {Wada, Y and Wisser, D and Bierkens, MFP},
  Journal                  = {Earth System Dynamics},
  Year                     = {2014},
  Number                   = {1},
  Pages                    = {15},
  Volume                   = {5},

  File                     = {:home/fzaussin/shares/users/Irrigation/Papers/Global modeling of withdrawal, allocation and consumptive use of surface water and groundwater resources.pdf:PDF},
  Owner                    = {fzaussin},
  Publisher                = {Copernicus GmbH},
  Timestamp                = {2018.04.27}
}

@Article{wagner2013ascat,
  Title                    = {The ASCAT soil moisture product: A review of its specifications, validation results, and emerging applications},
  Author                   = {Wagner, Wolfgang and Hahn, Sebastian and Kidd, Richard and Melzer, Thomas and Bartalis, Zoltan and Hasenauer, Stefan and Figa-Salda{\~n}a, Julia and de Rosnay, Patricia and Jann, Alexander and Schneider, Stefan and others},
  Journal                  = {Meteorologische Zeitschrift},
  Year                     = {2013},
  Number                   = {1},
  Pages                    = {5--33},
  Volume                   = {22},

  Date-added               = {2017-05-03 21:48:55 +0000},
  Date-modified            = {2017-05-03 21:48:55 +0000},
  File                     = {:home/fzaussin/shares/users/Irrigation/Papers/The ASCAT soil moisture product\: A review of its specifications, validation results, and emerging applications.pdf:PDF},
  Publisher                = {E. Schweizerbart'sche Verlagsbuchhandlung}
}

@Article{wagner1999method,
  Title                    = {A method for estimating soil moisture from ERS scatterometer and soil data},
  Author                   = {Wagner, Wolfgang and Lemoine, Guido and Rott, Helmut},
  Journal                  = {Remote sensing of environment},
  Year                     = {1999},
  Number                   = {2},
  Pages                    = {191--207},
  Volume                   = {70},

  Bdsk-file-1              = {YnBsaXN0MDDUAQIDBAUGJCVYJHZlcnNpb25YJG9iamVjdHNZJGFyY2hpdmVyVCR0b3ASAAGGoKgHCBMUFRYaIVUkbnVsbNMJCgsMDxJXTlMua2V5c1pOUy5vYmplY3RzViRjbGFzc6INDoACgAOiEBGABIAFgAdccmVsYXRpdmVQYXRoWWFsaWFzRGF0YV8QQy4uLy4uLy4uL0dvb2dsZSBEcml2ZS9CU2NUaGVzaXMvcGFwZXJzL19zZWxlY3Rpb24vc21fZXJzX3dhZ25lci5wZGbSFwsYGVdOUy5kYXRhTxEB1gAAAAAB1gACAAAMTWFjaW50b3NoIEhEAAAAAAAAAAAAAAAAAAAA0ImqWkgrAAABRwEDEXNtX2Vyc193YWduZXIucGRmAAAAAAAAAAAAAAAAAAAAAAAAAAAAAAAAAAAAAAAAAAAAAAAAAAAAAAAAAAAAAAFGZt3U6JPnAAAAAAAAAAAAAwAFAAAJIAAAAAAAAAAAAAAAAAAAAApfc2VsZWN0aW9uABAACAAA0ImcSgAAABEACAAA1OiF1wAAAAEAGAFHAQMBRmY4AUZmLgFNRNoACUCkAAKT0wACAFlNYWNpbnRvc2ggSEQ6VXNlcnM6AGZlbGl4OgBHb29nbGUgRHJpdmU6AEJTY1RoZXNpczoAcGFwZXJzOgBfc2VsZWN0aW9uOgBzbV9lcnNfd2FnbmVyLnBkZgAADgAkABEAcwBtAF8AZQByAHMAXwB3AGEAZwBuAGUAcgAuAHAAZABmAA8AGgAMAE0AYQBjAGkAbgB0AG8AcwBoACAASABEABIARlVzZXJzL2ZlbGl4L0dvb2dsZSBEcml2ZS9CU2NUaGVzaXMvcGFwZXJzL19zZWxlY3Rpb24vc21fZXJzX3dhZ25lci5wZGYAEwABLwAAFQACAAz//wAAgAbSGxwdHlokY2xhc3NuYW1lWCRjbGFzc2VzXU5TTXV0YWJsZURhdGGjHR8gVk5TRGF0YVhOU09iamVjdNIbHCIjXE5TRGljdGlvbmFyeaIiIF8QD05TS2V5ZWRBcmNoaXZlctEmJ1Ryb290gAEACAARABoAIwAtADIANwBAAEYATQBVAGAAZwBqAGwAbgBxAHMAdQB3AIQAjgDUANkA4QK7Ar0CwgLNAtYC5ALoAu8C+AL9AwoDDQMfAyIDJwAAAAAAAAIBAAAAAAAAACgAAAAAAAAAAAAAAAAAAAMp},
  Date-added               = {2017-05-03 21:44:30 +0000},
  Date-modified            = {2017-05-03 21:44:30 +0000},
  File                     = {:home/fzaussin/shares/users/Irrigation/Papers/A Method for Estimating Soil Moisture from ERS Scatterometer and Soil Data.pdf:PDF},
  Publisher                = {Elsevier}
}

@Article{wagner2007soil,
  Title                    = {Soil moisture from operational meteorological satellites},
  Author                   = {Wagner, Wolfgang and Naeimi, Vahid and Scipal, Klaus and de Jeu, Richard and Mart{\'\i}nez-Fern{\'a}ndez, Jos{\'e}},
  Journal                  = {Hydrogeology Journal},
  Year                     = {2007},
  Number                   = {1},
  Pages                    = {121--131},
  Volume                   = {15},

  Date-added               = {2017-05-03 21:48:41 +0000},
  Date-modified            = {2017-05-03 21:48:41 +0000},
  File                     = {:home/fzaussin/shares/users/Irrigation/Papers/Soil moisture from operational meteorological satellites.pdf:PDF},
  Publisher                = {Springer-Verlag}
}

@Article{Wei_2013,
  Title                    = {Where Does the Irrigation Water Go? An Estimate of the Contribution of Irrigation to Precipitation Using MERRA},
  Author                   = {Wei, Jiangfeng and Dirmeyer, Paul A. and Wisser, Dominik and Bosilovich, Michael G. and Mocko, David M.},
  Journal                  = {Journal of Hydrometeorology},
  Year                     = {2013},

  Month                    = {Feb},
  Number                   = {1},
  Pages                    = {275--289},
  Volume                   = {14},

  Bdsk-file-1              = {YnBsaXN0MDDUAQIDBAUGJCVYJHZlcnNpb25YJG9iamVjdHNZJGFyY2hpdmVyVCR0b3ASAAGGoKgHCBMUFRYaIVUkbnVsbNMJCgsMDxJXTlMua2V5c1pOUy5vYmplY3RzViRjbGFzc6INDoACgAOiEBGABIAFgAdccmVsYXRpdmVQYXRoWWFsaWFzRGF0YV8QvS4uLy4uLy4uL0dvb2dsZSBEcml2ZS9CU2NUaGVzaXMvcGFwZXJzL19zZWxlY3Rpb24vV2VpX2V0YWwoRGlybWV5ZXIpXzIwMTNfV2hlcmUgZG9lcyB0aGUgaXJyaWdhdGlvbiB3YXRlciBnbyAtIEFuIGVzdGltYXRlIG9mIHRoZSBjb250cmlidXRpb24gb2YgaXJyaWdhdGlvbiB0byBwcmVjaXBpdGF0aW9uIHVzaW5nIE1FUlJBLnBkZtIXCxgZV05TLmRhdGFPEQNSAAAAAANSAAIAAAxNYWNpbnRvc2ggSEQAAAAAAAAAAAAAAAAAAADQiapaSCsAAAFHAQMfV2VpX2V0YWwoRGlybWV5ZXIpXyMxNEE0MUU1LnBkZgAAAAAAAAAAAAAAAAAAAAAAAAAAAAAAAAAAAAAAAAAAAUpB5dU6G+gAAAAAAAAAAAADAAUAAAkgAAAAAAAAAAAAAAAAAAAACl9zZWxlY3Rpb24AEAAIAADQiZxKAAAAEQAIAADVOf/IAAAAAQAYAUcBAwFGZjgBRmYuAU1E2gAJQKQAApPTAAIAZ01hY2ludG9zaCBIRDpVc2VyczoAZmVsaXg6AEdvb2dsZSBEcml2ZToAQlNjVGhlc2lzOgBwYXBlcnM6AF9zZWxlY3Rpb246AFdlaV9ldGFsKERpcm1leWVyKV8jMTRBNDFFNS5wZGYAAA4BGACLAFcAZQBpAF8AZQB0AGEAbAAoAEQAaQByAG0AZQB5AGUAcgApAF8AMgAwADEAMwBfAFcAaABlAHIAZQAgAGQAbwBlAHMAIAB0AGgAZQAgAGkAcgByAGkAZwBhAHQAaQBvAG4AIAB3AGEAdABlAHIAIABnAG8AIAAtACAAQQBuACAAZQBzAHQAaQBtAGEAdABlACAAbwBmACAAdABoAGUAIABjAG8AbgB0AHIAaQBiAHUAdABpAG8AbgAgAG8AZgAgAGkAcgByAGkAZwBhAHQAaQBvAG4AIAB0AG8AIABwAHIAZQBjAGkAcABpAHQAYQB0AGkAbwBuACAAdQBzAGkAbgBnACAATQBFAFIAUgBBAC4AcABkAGYADwAaAAwATQBhAGMAaQBuAHQAbwBzAGgAIABIAEQAEgDAVXNlcnMvZmVsaXgvR29vZ2xlIERyaXZlL0JTY1RoZXNpcy9wYXBlcnMvX3NlbGVjdGlvbi9XZWlfZXRhbChEaXJtZXllcilfMjAxM19XaGVyZSBkb2VzIHRoZSBpcnJpZ2F0aW9uIHdhdGVyIGdvIC0gQW4gZXN0aW1hdGUgb2YgdGhlIGNvbnRyaWJ1dGlvbiBvZiBpcnJpZ2F0aW9uIHRvIHByZWNpcGl0YXRpb24gdXNpbmcgTUVSUkEucGRmABMAAS8AABUAAgAM//8AAIAG0hscHR5aJGNsYXNzbmFtZVgkY2xhc3Nlc11OU011dGFibGVEYXRhox0fIFZOU0RhdGFYTlNPYmplY3TSGxwiI1xOU0RpY3Rpb25hcnmiIiBfEA9OU0tleWVkQXJjaGl2ZXLRJidUcm9vdIABAAgAEQAaACMALQAyADcAQABGAE0AVQBgAGcAagBsAG4AcQBzAHUAdwCEAI4BTgFTAVsEsQSzBLgEwwTMBNoE3gTlBO4E8wUABQMFFQUYBR0AAAAAAAACAQAAAAAAAAAoAAAAAAAAAAAAAAAAAAAFHw==},
  Date-added               = {2017-05-24 16:20:22 +0000},
  Date-modified            = {2017-05-24 16:20:22 +0000},
  Doi                      = {10.1175/jhm-d-12-079.1},
  File                     = {:home/fzaussin/shares/users/Irrigation/Papers/Where Does the Irrigation Water Go? An Estimate of the Contribution of Irrigation to Precipitation Using MERRA.pdf:PDF},
  ISSN                     = {1525-7541},
  Publisher                = {American Meteorological Society},
  Url                      = {http://dx.doi.org/10.1175/JHM-D-12-079.1}
}

@TechReport{fris2013,
  Title                    = {Farm and Ranch Irrigation Survey},
  Author                   = {USDA},
  Institution              = {United States Department of Agriculture},
  Year                     = {2013},
  File                     = {:home/fzaussin/shares/users/Irrigation/Papers/2013 Farm and Ranch Irrigation Survey.pdf:PDF},
  Owner                    = {fzaussin},
  Timestamp                = {2018.04.27}
}


@Article{Western_2002,
  Title                    = {Scaling of Soil Moisture: A Hydrologic Perspective},
  Author                   = {Western, Andrew W. and Grayson, Rodger B. and Bl{\"o}schl, G{\"u}nter},
  Journal                  = {Annual Review of Earth and Planetary Sciences},
  Year                     = {2002},

  Month                    = {May},
  Number                   = {1},
  Pages                    = {149--180},
  Volume                   = {30},

  Bdsk-file-1              = {YnBsaXN0MDDUAQIDBAUGJCVYJHZlcnNpb25YJG9iamVjdHNZJGFyY2hpdmVyVCR0b3ASAAGGoKgHCBMUFRYaIVUkbnVsbNMJCgsMDxJXTlMua2V5c1pOUy5vYmplY3RzViRjbGFzc6INDoACgAOiEBGABIAFgAdccmVsYXRpdmVQYXRoWWFsaWFzRGF0YV8QQC4uLy4uLy4uL0dvb2dsZSBEcml2ZS9CU2NUaGVzaXMvcGFwZXJzL19zZWxlY3Rpb24vd2VzdGVybl8wMi5wZGbSFwsYGVdOUy5kYXRhTxEBygAAAAABygACAAAMTWFjaW50b3NoIEhEAAAAAAAAAAAAAAAAAAAA0ImqWkgrAAABRwEDDndlc3Rlcm5fMDIucGRmAAAAAAAAAAAAAAAAAAAAAAAAAAAAAAAAAAAAAAAAAAAAAAAAAAAAAAAAAAAAAAAAAAFHAbXVL+jjAAAAAAAAAAAAAwAFAAAJIAAAAAAAAAAAAAAAAAAAAApfc2VsZWN0aW9uABAACAAA0ImcSgAAABEACAAA1S/MwwAAAAEAGAFHAQMBRmY4AUZmLgFNRNoACUCkAAKT0wACAFZNYWNpbnRvc2ggSEQ6VXNlcnM6AGZlbGl4OgBHb29nbGUgRHJpdmU6AEJTY1RoZXNpczoAcGFwZXJzOgBfc2VsZWN0aW9uOgB3ZXN0ZXJuXzAyLnBkZgAOAB4ADgB3AGUAcwB0AGUAcgBuAF8AMAAyAC4AcABkAGYADwAaAAwATQBhAGMAaQBuAHQAbwBzAGgAIABIAEQAEgBDVXNlcnMvZmVsaXgvR29vZ2xlIERyaXZlL0JTY1RoZXNpcy9wYXBlcnMvX3NlbGVjdGlvbi93ZXN0ZXJuXzAyLnBkZgAAEwABLwAAFQACAAz//wAAgAbSGxwdHlokY2xhc3NuYW1lWCRjbGFzc2VzXU5TTXV0YWJsZURhdGGjHR8gVk5TRGF0YVhOU09iamVjdNIbHCIjXE5TRGljdGlvbmFyeaIiIF8QD05TS2V5ZWRBcmNoaXZlctEmJ1Ryb290gAEACAARABoAIwAtADIANwBAAEYATQBVAGAAZwBqAGwAbgBxAHMAdQB3AIQAjgDRANYA3gKsAq4CswK+AscC1QLZAuAC6QLuAvsC/gMQAxMDGAAAAAAAAAIBAAAAAAAAACgAAAAAAAAAAAAAAAAAAAMa},
  Date-added               = {2017-05-24 16:27:38 +0000},
  Date-modified            = {2017-05-24 16:27:38 +0000},
  Doi                      = {10.1146/annurev.earth.30.091201.140434},
  File                     = {:home/fzaussin/shares/users/Irrigation/Papers/Scaling of Soil Moisture\: A Hydrologic Perspective.pdf:PDF},
  ISSN                     = {1545-4495},
  Publisher                = {Annual Reviews},
  Url                      = {http://dx.doi.org/10.1146/annurev.earth.30.091201.140434}
}

@Article{Wisser2008,
  Title                    = {Global irrigation water demand: Variability and uncertainties arising from agricultural and climate data sets},
  Author                   = {Wisser, Dominik and Frolking, Steve and Douglas, Ellen M and Fekete, Balazs M and V{\"o}r{\"o}smarty, Charles J and Schumann, Andreas H},
  Journal                  = {Geophysical Research Letters},
  Year                     = {2008},
  Number                   = {24},
  Volume                   = {35},

  File                     = {:home/fzaussin/shares/users/Irrigation/Papers/Global irrigation water demand\: Variability and uncertainties arising from agricultural and climate data sets.pdf:PDF},
  Owner                    = {fzaussin},
  Publisher                = {Wiley Online Library},
  Timestamp                = {2018.04.26}
}

@Article{Wu2016,
  Title                    = {Evaluation of AMSR2 soil moisture products over the contiguous United States using in situ data from the International Soil Moisture Network},
  Author                   = {Wu, Qiusheng and Liu, Hongxing and Wang, Lei and Deng, Chengbin},
  Journal                  = {International journal of applied earth observation and geoinformation},
  Year                     = {2016},
  Pages                    = {187--199},
  Volume                   = {45},

  File                     = {:home/fzaussin/shares/users/Irrigation/Papers/Evaluation of AMSR2 soil moisture products over the contiguous US.pdf:PDF},
  Owner                    = {fzaussin},
  Publisher                = {Elsevier},
  Timestamp                = {2018.04.27}
}

@Article{Wu2015,
  Title                    = {Evaluation of irrigation water use efficiency using remote sensing in the middle reach of the Heihe river, in the semi-arid Northwestern China},
  Author                   = {Wu, Xuejiao and Zhou, Jian and Wang, Haijing and Li, Yan and Zhong, Bo},
  Journal                  = {Hydrological processes},
  Year                     = {2015},
  Number                   = {9},
  Pages                    = {2243--2257},
  Volume                   = {29},

  File                     = {:home/fzaussin/shares/users/Irrigation/Papers/Evaluation of irrigation water use efficiency using remote sensing in the middle reach of the Heihe river, in the semi-arid Northwestern China.pdf:PDF},
  Owner                    = {fzaussin},
  Publisher                = {Wiley Online Library},
  Timestamp                = {2018.04.27}
}

@InProceedings{Xie2010,
  Title                    = {CPC unified gauge-based analysis of global daily precipitation},
  Author                   = {Xie, Pingping and Chen, M and Shi, W},
  Booktitle                = {Preprints, 24th Conf. on Hydrology, Atlanta, GA, Amer. Meteor. Soc},
  Year                     = {2010},
  Volume                   = {2},

  Bdsk-url-1               = {https://ams.confex.com/ams/90annual/techprogram/paper_163676.htm},
  Owner                    = {fzaussin},
  Timestamp                = {2018.04.27},
  Url                      = {https://ams.confex.com/ams/90annual/techprogram/paper_163676.htm}
}

@Article{Yang_2017,
  Title                    = {Impact of Irrigation over the California Central Valley on Regional Climate},
  Author                   = {Yang, Zhao and Dominguez, Francina and Zeng, Xubin and Hu, Huancui and Gupta, Hoshin and Yang, Ben},
  Journal                  = {Journal of Hydrometeorology},
  Year                     = {2017},

  Month                    = {May},
  Number                   = {5},
  Pages                    = {1341--1357},
  Volume                   = {18},

  Bdsk-url-1               = {http://dx.doi.org/10.1175/JHM-D-16-0158.1},
  Date-added               = {2017-05-03 21:46:14 +0000},
  Date-modified            = {2017-05-03 21:46:14 +0000},
  Doi                      = {10.1175/jhm-d-16-0158.1},
  File                     = {:home/fzaussin/shares/users/Irrigation/Papers/Impact of Irrigation over the California Central Valley on Regional Climate.pdf:PDF},
  ISSN                     = {1525-7541},
  Publisher                = {American Meteorological Society},
  Url                      = {http://dx.doi.org/10.1175/JHM-D-16-0158.1}
}

